3168 5012
742 486 938 552 -1ss-·
1056 453 1058 456 ’

272 674 276 680 -
321 627 500 710 Mandarai,
531 649 555 694 x
575 650 612 694 s.
636 651 684 715 p.,
716 629 765 694 xii
794 629 827 695 (1.
858 629 1053 708 elemosina,
1080 630 1128 695 xii
1154 629 1355 716 pulsatores,

231 755 233 760 '
351 753 487 813 abhaspro
499 753 625 804 coloratio.

364 847 397 917 9.
416 853 502 918 —V
516 850 631 916 Υ(1.-
640 849 805 917 Obiarunt
814 848 1028 916 Theobaldus
1042 848 1084 914 rie
1096 849 1314 937 Servigniaoo
1324 855 1358 919 et

320 985 406 1031 uxor
420 967 504 1053 ejus,
518 986 579 1053 pro
601 965 720 1051 quibus
735 963 839 1033 habet
856 968 1041 1035 conventus
1056 967 1135 1031 vis.
1146 970 1188 1042 1.,
1200 967 1234 1031 vi
1250 965 1284 1031 (1.
1295 966 1358 1032 ele-

224 1073 226 1076 ’
322 1081 464 1160 mesina,
480 1081 514 1146 ri
534 1079 567 1145 (1.
585 1079 775 1166 pulsatores
792 1099 892 1166 super
904 1081 1037 1146 vineam
1057 1080 1098 1146 de
1114 1081 1354 1147 Bello-Monte.

350 1205 470 1253 Matharin
486 1204 611 1252 laularins
621 1205 650 1252 iii
663 1217 685 1254 s.
696 1207 716 1254 t.

349 1295 454 1342 Miebasl
463 1295 593 1342 Roborrier
605 1294 644 1341 iiii
654 1305 674 1340 s.
689 1297 708 1343 t.

349 1384 455 1431 Glartau
470 1385 501 1428 de
515 1383 656 1431 Chaminos.

366 1481 418 1546 10.
435 1517 479 1529 -
495 1480 561 1545 IIII
576 1480 642 1545 Yd.
660 1517 703 1528 —
718 1481 834 1548 Sancti
850 1480 1041 1545 Laurenoii.
1062 1477 1122 1544 Ob.

366 1595 418 1660 ll.
436 1633 480 1642 -
496 1595 546 1659 ΙΙΙ
559 1592 625 1659 Yd.

366 1709 418 1774 12.
436 1745 479 1755 -
494 1707 526 1771 ll
547 1705 613 1772 Yd.
630 1705 745 1772 -Ob

362 1825 414 1891 13.
427 1821 623 1888 -Ydibus
638 1859 682 1869 -
694 1797 762 1886 o'uj

242 2001 246 2008 .
360 1942 412 2004 14.
428 1977 472 1987 -
483 1938 568 2003 XIX
583 1936 755 2003 Kalendas
771 1934 993 2022 Septembris.
1012 1972 1056 1982 -
1070 1934 1131 2001 Ob.

362 2053 414 2120 15.
433 2089 476 2100 -
491 2052 607 2118 XVIII
631 2051 709 2117 Kal.
726 2052 976 2136 -Assumptio
997 2051 1094 2116 beate
1119 2051 1242 2148 Maria
1266 2051 1357 2118 Obiit

315 2169 443 2245 Annos,
466 2165 586 2232 relicta
606 2154 789 2230 Theobaldi
805 2164 973 2243 decuria,
991 2185 1052 2251 pro
1069 2185 1135 2249 qua
1152 2166 1255 2232 habet
1280 2185 1356 2231 oon·

314 2289 447 2361 ventus,
465 2301 565 2367 super
582 2281 715 2347 vineam
728 2299 771 2344 au
785 2281 846 2344 xiii
865 2281 1068 2358 mandamns,
1085 2304 1106 2347 v
1123 2303 1150 2347 s.
1171 2287 1196 2350 t.

288 2395 293 2406 ’
343 2407 454 2464 Babolee‚
466 2405 517 2452 lilla
533 2403 716 2458 feulleboiriar,
733 2390 797 2452 xl'd.
815 2407 864 2455 1.-
878 2405 962 2451 Petrus
973 2405 997 2451 la
1009 2405 1074 2453 (leite
1087 2419 1119 2452 xx
1136 2406 1164 2453 (1.
1184 2411 1200 2452 t.

338 2497 424 2558 flaua,
437 2496 478 2550 fila
487 2494 557 2541 Petri
569 2495 594 2539 ta
604 2493 682 2550 Getta,
699 2505 733 2538 xx
745 2495 804 2572 (1,.1.

355 2590 409 2656 16.
426 2590 579 2655 -XVII
601 2590 680 2655 Kal.
695 2626 739 2638 -
762 2590 853 2659 Obiit
879 2590 1001 2658 Petrus
1021 2592 1182 2672 thalet,
1207 2615 1268 2681 pro
1289 2615 1352 2680 quo

309 2705 412 2772 habet
434 2709 632 2783 conventus,
652 2725 751 2792 super
766 2706 901 2771 domum
919 2709 954 2771 in
979 2728 1042 2774 rua
1061 2709 1101 2775 de
1127 2711 1307 2789 Morderel,
1332 2731 1354 2776 v

311 2841 337 2885 s.
360 2841 392 2906 p.
412 2821 446 2886 vi
463 2819 497 2888 (1.
511 2820 707 2901 elemosina,
725 2822 758 2887 vi
775 2820 807 2886 (1.
822 2823 1026 2908 pulsatores.

353 2936 438 3002 Item
455 2935 547 3004 Obiit
561 2936 644 3013 Odo,
666 2936 782 3016 abbas,
808 2958 868 3024 pro
895 2958 959 3024 quo
988 2939 1087 3006 debet
1113 2941 1352 3007 thesaurarius

309 3071 355 3117 xv
373 3073 400 3117 s.
415 3074 461 3138 p.‚
482 3053 533 3117 iiii
548 3073 576 3117 s.
594 3053 786 3131 elemosine,
802 3055 899 3120 xiid.
920 3056 1162 3141 pulsatoribus,
1179 3077 1263 3142 quos
1276 3077 1351 3142 par·
1453 3068 1455 3072 “

311 3167 422 3252 cipere
443 3164 541 3233 debet
558 3187 657 3252 super
675 3169 865 3248 Botoarios,
886 3185 920 3237 et
943 3170 1046 3236 abbas
1061 3170 1159 3237 debet
1183 3171 1218 3234 in
1242 3170 1352 3237 refec-

311 3283 401 3348 torio
418 3301 478 3368 pro
494 3282 696 3378 pauperibus
711 3284 916 3370 prebendam
937 3287 1118 3372 integram.

340 3405 529 3456 Thesaurarius.

356 3506 464 3570 ll(—
473 3505 554 3571 XVI
571 3505 649 3572 Kal.
664 3505 779 3572 -Ob.
806 3501 807 3504 ’

358 3619 543 3686 18.-XV
561 3619 780 3686 Kal-Ob.
954 3652 957 3657 ·
1006 3713 1009 3718 .

338 3732 734 3824 v19.—XIIIIlIal.-
767 3733 860 3800 Obiit
889 3733 1084 3812 Hulderius,
1124 3732 1240 3810 abbas,
1289 3753 1350 3820 pro

196 3857 198 3861 ’
309 3833 373 3932 quo
386 3847 490 3915 habet
504 3851 701 3922 conventus,
717 3868 817 3934 super
833 3849 917 3913 duas
939 3847 1051 3933 pecias
1070 3853 1162 3915 terre
1186 3869 1249 3935 que
1275 3847 1350 3914 fue·
1468 3847 1470 3852 ’

161 4041 167 4054 ¹
308 3968 391 4030 runt
414 3962 551 4030 Girardi
584 3962 660 4028 Rufi
688 3964 729 4028 de
761 3965 895 4045 Arosis,
930 3983 1012 4049 quas
1041 3965 1128 4030 idem
1161 3965 1264 4033 abbas
1292 3988 1350 4034 ae-

168 4094 170 4098 ·
246 4141 249 4148 ,
309 4079 450 4168 quisivit
468 4077 554 4170 apud
576 4079 728 4163 Aroeias,
756 4085 794 4148 ut
824 4081 859 4148 in
883 4082 1009 4151 litteris
1038 4085 1129 4153 ourie
1147 4085 1348 4153 Senonensis
