3168 5012
616 537 860 604 -2072

195 691 249 757 die
281 689 449 756 dominica
485 689 562 774 post
592 685 715 753 fesium
748 679 1021 748 Sancti-Martini
1051 677 1229 766 hyemalis.

223 807 289 855 Istud
306 805 505 854 anniversarium
525 803 681 862 computatur
696 801 723 848 in
740 798 879 852 Novembri.
905 797 949 857 qni
966 801 1026 844 tune
1042 796 1163 844 debentur
1179 807 1196 840 v
1210 807 1230 846 s,

221 897 224 904 ’
238 876 362 971 Eadem
377 903 443 980 die,
460 902 544 969 obiit
556 900 699 966 Felisius
712 897 963 986 carpentarius,
978 915 1039 982 pro
1054 915 1118 982 quo
1131 893 1234 962 babet

194 1025 392 1097 conventum
414 1039 513 1104 super
528 1037 588 1084 sex
603 1015 777 1103 quarteria
786 1015 882 1082 vinee
895 1013 929 1078 in
941 1013 1104 1099 Poiyene,
1120 1032 1142 1082 v
1158 1031 1186 1078 s,
1202 1016 1229 1078 i.

194 1137 320 1204 hacdie
335 1135 587 1224 persolvendos,
598 1134 633 1200 in
648 1137 686 1201 ut
697 1131 823 1201 litteris
839 1131 930 1198 curie
942 1127 1145 1197 Senonensis
1158 1143 1233 1195 eon-

157 1280 162 1284 ·
195 1254 336 1321 tinetur.

227 1367 309 1415 Liberi
327 1367 437 1416 deiunaii
448 1368 575 1429 Naugeret.
593 1393 622 1403 -
639 1365 825 1414 Thesaurariua
842 1366 918 1410 tenet.

240 1458 364 1525 Eadem
380 1457 446 1535 die,
467 1457 550 1524 obiit
565 1459 742 1535 HerveiuS,
761 1457 855 1542 prior
875 1453 916 1519 de
939 1453 1149 1538 Andrisiaoe,
1172 1472 1233 1538 pro

194 1595 258 1661 quo
296 1574 398 1640 habet
428 1578 623 1658 conventum
657 1593 757 1659 super
778 1573 912 1638 vineam
941 1569 1002 1638 sub
1029 1567 1235 1638 monasterio

194 1679 502 1759 saneti-sanctiani
531 1689 722 1776 contiguam
755 1707 871 1775 campo
907 1685 989 1754 dieti
1023 1684 1232 1762 monasterii,

193 1805 253 1872 viii
273 1827 300 1872 s,
326 1809 369 1884 i.,
385 1806 434 1872 xii
450 1805 482 1871 d.
500 1805 695 1884 elemosina,
714 1805 763 1870 xii
782 1801 815 1869 d.
831 1802 1032 1889 pulsatorem

223 1920 346 1968 iohannes
360 1920 391 1966 de
407 1919 517 1968 Arbosio.
539 1944 564 1954 -
582 1919 678 1967 Nicbil.

238 2011 270 2076 3.
290 2043 334 2060 -
349 2011 380 2076 V
395 2009 482 2076 Non.
501 2041 545 2058 -
561 2007 651 2077 Obiit
675 2009 772 2097 Hugo
798 2009 940 2093 hiatum,
970 1993 1030 2096 pro
1047 2029 1112 2094 quo
1131 2005 1232 2106 babet

193 2130 377 2193 conventus
394 2125 431 2189 iii
451 2145 479 2190 e.
497 2145 545 2211 p.,
565 2143 665 2210 super
688 2125 856 2191 sanceium
876 2125 978 2193 situm
994 2145 1038 2192 au
1055 2143 1095 2190 ru
1122 2123 1229 2192 Belin.

225 2243 381 2291 'theobaldus
399 2243 510 2298 Ouairos.

236 2335 270 2398 4.
288 2332 414 2398 -1111
430 2332 517 2399 Non.
535 2329 684 2400 -Obiit
709 2331 903 2411 Menardus‚
922 2351 1034 2419 coque,
1051 2351 1112 2418 pro
1131 2329 1233 2399 habet·

193 2454 388 2530 conuentum
400 2470 499 2537 super
509 2468 689 2535 saueeyum
697 2450 802 2515 Burre
815 2450 916 2516 situm
925 2469 968 2516 au
980 2450 1105 2528 Biai,vi
1118 2468 1144 2515 s.
1156 2467 1229 2536 par.

104 2659 113 2676 ⁸
194 2665 288 2711 Haneit
303 2667 385 2711 dictam
402 2665 500 2713 Tarana
516 2666 554 2712 iiii
564 2680 586 2712 a.
596 2681 626 2723 p.

237 2757 269 2821 5.
287 2756 500 2823 -111N0v.
518 2791 561 2805 -
577 2754 669 2822 Obiit
692 2755 887 2833 Gaufridus,
912 2756 1065 2834 clariana,
1088 2777 1147 2844 pro
1168 2776 1232 2842 quo

192 2869 294 2938 habet
324 2877 520 2962 cenventus,
553 2892 652 2958 super
675 2872 811 2941 demum
839 2893 902 2958 que
926 2878 1068 2946 vocatur
1084 2874 1117 2939 la
1139 2873 1232 2939 Folie

193 2986 357 3053 Roisseau
371 2987 412 3053 de
427 2986 516 3054 Palli
531 2992 611 3056 ante
624 2987 758 3054 domum
774 2987 969 3067 Clementis,
987 2989 1146 3068 olearii,v
1160 3009 1185 3056 s.
1202 2994 1229 3057 t.

225 3102 344 3150 Martinus
356 3103 517 3153 Faucbarius.

237 3191 269 3257 6.
287 3225 331 3242 -
345 3193 379 3258 ΙΙ
394 3193 482 3260 Non.
502 3229 546 3244 -
570 3193 660 3262 Obiit
675 3192 856 3276 EvrarduS,
875 3195 1071 3272 monachus,
1090 3213 1150 3280 pro
1168 3212 1232 3279 quo

195 3305 293 3375 debet
317 3308 419 3375 abbas
443 3330 543 3398 super
570 3309 711 3398 quedam
745 3309 914 3396 adquisita
948 3331 1007 3398 per
1031 3311 1230 3397 Hugonem,

193 3422 360 3502 abbatem,
374 3423 461 3513 apud
476 3427 683 3510 Bassiacum,
697 3447 758 3496 vs.
773 3431 814 3506 a,
831 3427 865 3495 vi
882 3426 915 3494 d.
934 3427 1125 3511 elemosine,
1142 3428 1177 3497 vi
1197 3426 1230 3493 d.

194 3541 439 3644 pulsatoribua

225 3658 313 3706 naun.

237 3748 364 3817 Eadem
376 3749 441 3828 die,
461 3748 544 3816 obiit
560 3749 766 3838 rainulphum
780 3748 958 3836 presbiter,
974 3769 1035 3837 pro
1050 3769 1114 3835 quo
1131 3749 1233 3816 habet

195 3869 400 3943 conventus,
430 3884 529 3950 super
548 3865 680 3932 vineam
712 3867 747 3930 in
766 3863 903 3952 ‚⁶0amp0
930 3864 985 3931 feu
1016 3865 1126 3930 Droue
1152 3866 1185 3932 vi
1202 3885 1229 3931 s.

195 4004 225 4069 p.
245 3980 432 4048 reddendos
452 3974 589 4049 infesto
610 3980 777 4068 hyemalis
794 3979 1073 4050 Sancti-Martini.

226 4097 292 4146 Istud
308 4095 509 4142 anniversarium
523 4101 679 4158 computatur
688 4097 716 4145 in
727 4097 866 4160 Novembri,
875 4098 934 4158 quie
950 4101 1007 4146 iuna
1021 4100 1048 4147 in
1061 4099 1121 4147 {esto
1136 4099 1233 4147 Sanati-

198 4186 294 4236 Martini
310 4185 430 4234 debentur
441 4184 493 4231 xxii
505 4197 526 4233 e.
539 4199 565 4246 p.
