3168 5012
649 567 847 634 -223-

221 707 326 776 habet
339 712 534 790 conventus,
553 731 654 798 super
668 715 795 780 terram
817 710 859 778 ad
883 709 1107 788 Sommorille,
1127 727 1151 776 x
1170 728 1198 777 s.
1222 729 1255 795 p.

238 835 274 907 ¹l.
287 833 415 882 Belleterre
425 833 471 882 viii
484 847 508 883 s.
524 835 550 883 lx
566 836 591 884 d.
610 849 635 897 p.

251 925 273 974 J.
292 923 421 972 Bellelerre
435 937 467 971 xv
479 925 504 972 d.
516 938 545 986 p.

250 1015 388 1061 Eramboir
404 1015 563 1072 tamedehan
576 1016 714 1064 Belleterre
730 1019 806 1064 tenet.

269 1103 319 1170 13.
336 1138 380 1153 -
394 1105 511 1173 XVIII
529 1105 700 1172 Kalendas
717 1105 918 1174 Decembris,
934 1145 978 1155 —
994 1104 1109 1184 Brioii,
1125 1102 1258 1171 oonles·

221 1221 320 1288 soris.
347 1219 439 1289 Obiit
451 1222 555 1301 Bono,
571 1221 726 1288 sacerdos
740 1220 780 1288 de
800 1222 977 1300 Auxonno‚
997 1239 1058 1308 pro
1079 1239 1143 1306 quo
1155 1217 1258 1287 habet

220 1341 418 1416 conventus,
439 1342 685 1425 superterram
706 1337 748 1406 ad
767 1337 1139 1406 erucem-de-Auxonno
1155 1335 1258 1420 juxta

221 1452 411 1520 cheminum
430 1454 661 1536 Treoasinum,
679 1476 701 1522 v
717 1475 745 1522 s.
767 1459 810 1535 t,
830 1455 864 1523 ri
878 1453 919 1522 de
946 1453 1140 1531 elemosina,
1159 1453 1193 1520 ri
1217 1450 1259 1518 de

219 1570 422 1657 pulsatores.

252 1697 392 1758 Stephanus
403 1699 493 1748 Godier
503 1702 535 1747 de
547 1702 674 1748 Auxonno
687 1699 730 1748 xlv
745 1701 771 1750 d.

252 1788 401 1848 Huguenins
416 1789 451 1837 dil
463 1789 576 1838 Peletiers
588 1790 694 1838 clericus
704 1788 766 1837 xviii
776 1789 802 1837 d.

250 1879 309 1926 Item
323 1878 424 1926 heredes
440 1877 551 1926 defuncti
563 1879 681 1939 Stephani
692 1878 805 1928 Pelletier
820 1877 846 1925 ix
863 1880 882 1930 t.

267 1978 319 2044 14.
334 2013 378 2029 -
391 1977 491 2044 XVII
506 1977 584 2044 Kal.
602 2013 646 2029 -
662 1975 827 2044 Obierunt
853 1973 1035 2042 Banoelina
1059 1978 1093 2043 et
1119 1975 1253 2049 Petrus.

216 2092 306 2160 filius
327 2094 411 2181 ejus,
438 2113 499 2181 pro
530 2115 594 2182 quo
613 2094 716 2161 habet
731 2097 928 2173 conventus,
950 2111 1049 2181 super
1064 2091 1197 2158 domum
1221 2093 1256 2157 et

218 2210 420 2299 porprisiam
448 2210 536 2298 apud
568 2210 789 2298 Malleyotum
822 2211 912 2278 inter
945 2209 1090 2277 domum
1105 2206 1161 2274 feu
1187 2205 1256 2274 Re·

218 2326 341 2414 gnardi
364 2326 533 2394 Guillelmi
562 2331 598 2396 et
619 2328 710 2396 riam
731 2347 794 2414 que
820 2325 913 2394 ducit
932 2323 975 2392 ad
996 2322 1251 2402 monasterinm,

217 2445 265 2514 vii
288 2465 316 2512 s.
339 2449 366 2512 t.

250 2561 335 2610 Simon
347 2561 431 2610 Bodol.

249 2651 373 2697 Dominus
385 2650 440 2697 Gilo
453 2651 484 2696 de
498 2650 668 2699 Premeriaeo.

262 2750 348 2817 Item
362 2770 422 2837 pro
445 2748 561 2817 eodem
584 2751 829 2830 anniversario,
851 2769 952 2838 super
972 2753 1099 2850 terram
1118 2769 1162 2814 au
1182 2747 1255 2814 Ru-

141 2911 144 2925 .
217 2866 313 2933 Belin
333 2889 355 2936 r
375 2887 403 2935 s.
420 2872 461 2948 t.,
477 2869 511 2936 ri
529 2868 561 2934 d.
579 2867 761 2935 elemosina
776 2870 810 2936 vi
823 2868 864 2936 de
875 2869 1077 2956 pulsatores.
1093 2869 1189 2932 staret
1205 2887 1252 2931 aa

216 2982 302 3066 Boot,
320 2988 440 3051 tenetd
463 2986 496 3054 la
517 2995 602 3051 terre
628 2987 696 3052 dou
714 2988 898 3072 presbitero
912 2984 1255 3052 desani-Ptemen-

215 3098 604 3170 Monaesum-Porro.

246 3222 271 3273 J.
287 3224 317 3271 de
334 3224 481 3276 Chntaleno.

245 3314 341 3363 Relicta
352 3316 478 3365 Iohannis
490 3318 551 3365 dicti
561 3318 674 3376 clepera
684 3323 751 3366 tenet
762 3331 812 3376 pro
826 3319 944 3367 Iohanne
954 3319 1021 3366 dioto
1031 3319 1054 3366 Ie
1067 3319 1172 3371 Blande.

261 3414 313 3481 15.
330 3449 374 3466 -
387 3417 470 3484 XVI
490 3417 624 3486 Kal-
637 3415 729 3486 Obiit
748 3419 870 3485 Petrus
892 3417 1013 3503 Batan,
1030 3437 1090 3506 pro
1110 3437 1174 3504 quo
1200 3414 1257 3483 de-

214 3526 272 3598 bet
290 3531 524 3600 thesaurarius
539 3535 619 3602 iiis.
640 3555 686 3622 p..
710 3554 771 3623 pro
790 3555 891 3601 censu
912 3556 1009 3622 quem
1025 3535 1088 3602 Th.
1108 3534 1253 3613 Bathau,

214 3643 316 3725 lilius,
331 3646 423 3716 dedit
449 3633 676 3730 thesaurario,
703 3651 860 3719 videlieet
882 3672 982 3740 super
1006 3651 1140 3720 domum
1160 3671 1256 3717 suam

214 3763 381 3848 petrinam
395 3766 489 3833 xiid.
508 3787 540 3854 p.
559 3787 658 3856 super
675 3766 807 3836 domum
825 3767 958 3835 Andree
978 3768 1018 3835 de
1035 3765 1257 3835 Veteri-Oas-

213 3883 268 3945 tro
287 3880 385 3946 xiid.
408 3903 456 3970 p.,
473 3888 508 3952 et
528 3905 628 3972 snper
649 3884 783 3953 vineam
801 3884 842 3953 de
864 3886 985 3952 Baissa
1003 3883 1103 3952 xiid.
1121 3905 1154 3972 p.
1176 3903 1256 3951 oen·

216 3994 342 4065 suales.

245 4089 433 4162 Thesaufarius.

261 4203 313 4272 16.
328 4206 444 4276 -XV
465 4207 543 4276 Kal.
567 4243 611 4260 -
634 4207 800 4278 Obierunt
830 4208 1003 4277 Rossellus
1030 4212 1065 4278 et
1087 4206 1255 4288 Emelina,
