3168 5012
758 529 957 595 -176-

377 705 442 754 HEC
464 705 550 754 SUN'I'
578 705 640 753 SUB
668 705 894 764 BREVILOQUIO
917 707 984 764 Qun
1007 708 1043 756 IN
1071 707 1163 755 Meno
1189 708 1373 756 DEBEN'I'UR

341 824 362 868 Α
390 822 618 870 sncdnaninds
654 823 824 882 TANTUM
861 824 905 871 ΕΤ
935 788 1084 883 ΙΟΕἸἚΜ,
1120 824 1369 883 QUI'DEBEN'I',

268 1003 272 1007 ·
333 937 589 985 COMPU'I'ANTUR
613 938 650 985 IN
672 937 759 986 ALIIS
790 939 978 997 MENSIBUS,
1009 939 1075 986 PRO
1100 939 1145 986 UT
1177 940 1299 987 DEBITA
1326 939 1371 986 AD

336 1053 601 1100 TERIIINAN'IUR.

376 1193 442 1258 Pro
455 1192 625 1279 Stephano
638 1192 777 1260 l-'annier
799 1200 834 1262 et
847 1215 952 1262 uxore
967 1217 1040 1274 sna,
1058 1198 1116 1262 viii
1133 1219 1161 1265 s.
1177 1203 1204 1265 t.

367 1307 435 1354 Dicin
446 1307 471 1354 ia
487 1308 571 1354 Barata
583 1308 640 1356 vis.
658 1312 674 1356 i.

322 1450 324 1455 Ι
353 1395 398 1441 'ln
412 1393 572 1455 invindicta
583 1396 625 1443 xvi
639 1397 664 1444 d.
684 1401 701 1443 i.

363 1483 443 1530 Liberi
454 1483 564 1531 defuncti
580 1485 640 1544 lde,
648 1484 762 1544 janitoris
777 1487 821 1534 viii
836 1488 861 1535 d.

756 1645 955 1658 *-

620 1793 740 1842 JUNIUS
763 1794 876 1842 ΗΑΒΕΤ
900 1793 974 1842 mus
1004 1795 1077 1842 xxx

377 1956 408 2021 1.
430 1989 475 2004 -
489 1952 664 2020 Kalendis.
682 1953 828 2021 -Obiit
853 1955 988 2034 Petrus,
1011 1955 1280 2042 archiepiscopus
1309 1955 1368 2039 Se-

328 2073 502 2148 nonensis,
524 2091 586 2156 pro
601 2091 665 2157 quo
679 2069 801 2137 debent
821 2071 973 2136 canonici
997 2071 1299 2158 SanciiStephani,
1315 2067 1387 2136 die*

328 2205 393 2271 quo
409 2184 538 2252 faciunt
555 2187 628 2273 ejus
647 2186 930 2264 anniversarium,
956 2186 1039 2252 xviii
1067 2207 1094 2252 s.
1111 2190 1154 2262 i.,
1173 2185 1271 2252 xiid.
1297 2186 1368 2251 ele-

255 2313 277 2327 ’·
326 2302 467 2380 mosine,
495 2303 544 2366 xii
563 2301 596 2367 d.
628 2300 867 2388 pulsatoribus,
893 2321 994 2388 super
1012 2300 1174 2367 decimam
1197 2306 1233 2370 et
1258 2306 1368 2368 terra·
1416 2297 1419 2301 ’

327 2417 419 2502 gium
434 2415 600 2503 quoidam
620 2417 891 2504 archiepiscopus
908 2417 1093 2504 adquisivit
1117 2418 1205 2510 apud
1228 2417 1367 2485 Villam·

328 2531 601 2619 Novam-Regis(

359 2647 477 2695 Genonioi
488 2648 710 2709 Sancti-Stephani
727 2648 885 2696 senonensis.

370 2737 404 2803 2.
421 2773 465 2788 -
477 2737 546 2804 llll
563 2739 652 2806 Non.
670 2774 713 2788 -
725 2735 891 2806 Obieruni
905 2737 1035 2824 Fulquo
1050 2735 1091 2803 de
1106 2739 1315 2806 Monasierio
1330 2744 1364 2806 ei
1394 2815 1399 2825 ⁸

264 2941 267 2947 Ι
326 2853 399 2939 ejus
419 2873 514 2937 uuor,
548 2874 608 2940 pro
634 2855 754 2940 quibos
774 2853 877 2920 habet
897 2857 1083 2922 conventus
1111 2873 1212 2941 super
1231 2854 1363 2925 vineam

326 2987 369 3033 au
380 2945 497 3055 Noyer
513 2969 675 3048 Pancari,
688 2970 726 3035 iii
740 2990 765 3035 s.
781 2988 870 3056 par„
884 2970 918 3036 ui
935 2968 967 3034 d.
985 2968 1180 3047 elemosina,
1197 2970 1231 3034 vi
1246 2967 1278 3033 d.
1295 2969 1364 3054 pul·

328 3088 472 3152 satores.
551 3146 555 3151 .

356 3199 418 3246 Fiiie
427 3200 526 3258 Morini,
537 3199 654 3262 dreperii.
667 3199 731 3262 (l)·
770 3225 772 3230 ·
868 3199 871 3205 ’

369 3291 770 3358 3.-lllNon.-Ob.

367 3408 400 3472 4.
418 3443 462 3456 -
478 3406 511 3471 Il
531 3407 621 3473 Non.
633 3441 676 3457 -
689 3405 783 3474 Obiit
807 3408 954 3484 Beatris,
984 3405 1157 3472 comitissa
1181 3406 1360 3492 loigniaci,

324 3541 385 3609 pro
399 3537 464 3608 qua
477 3522 580 3589 habai
597 3528 780 3592 conuentus
793 3542 894 3610 super
906 3522 1039 3602 domum
1051 3519 1216 3606 lapideam
1233 3521 1275 3587 ad
1290 3541 1364 3608 por·

322 3643 393 3705 iam
414 3633 727 3706 Sancti-Leonie'in
753 3639 946 3726 loquaiiona
971 3638 1102 3714 domus,
1132 3637 1215 3704 xviii
1231 3658 1258 3704 s.
1273 3643 1358 3716 ium,

324 3755 371 3819 xii
389 3755 422 3820 d.
439 3754 634 3822 elemosina.

353 3871 423 3918 Istud
434 3870 632 3920 anniversarium
643 3875 800 3932 computatur
809 3871 839 3918 ad
850 3869 967 3917 terminos
977 3867 1126 3928 loquaiionis
1136 3868 1234 3916 domus.

354 4067 391 4132 (l)
407 4069 439 4116 Le
453 4061 491 4115 ms
505 4071 534 4116 56
553 4069 654 4126 ajduie:
671 4069 801 4115 Iohannes
819 4067 904 4113 dictus
924 4065 1015 4122 Hanni,
1033 4065 1146 4123 petaliae,
1165 4027 1196 4111 lie
1212 4065 1357 4123 Homolio,

323 4159 457 4210 &aad
