3160 5016
683 627 882 693 -277-

261 770 471 854 Potenciani,
494 769 627 836 Domini
657 769 765 838 nostri
789 767 1019 836 lesu-Christi
1045 767 1298 857 discipulorum,

262 888 475 978 ejusdemque
494 887 636 953 Senonis
650 885 800 966 civitatis
813 886 930 954 inclite
953 887 1138 973 primorum
1160 885 1300 974 pontifi-

263 1028 337 1073 cum
367 1011 401 1072 et
430 1005 622 1082 martirum,
664 1003 935 1091 sanctissimique
963 1002 1061 1090 Lupi,
1096 1003 1300 1072 confessoris

262 1121 410 1211 ejusdem
421 1111 842 1207 civitatisarchlepiscopi,
861 1118 1119 1207 beatissimeque
1129 1119 1299 1201 Columbe,

262 1241 406 1328 virginis
421 1243 455 1306 et
473 1219 625 1306 martiris
648 1237 775 1325 regalis
788 1236 959 1325 progenie,
978 1257 1106 1302 necnon
1122 1237 1302 1332 pretiosis·

207 1333 210 1339 ¹
265 1358 349 1424 simo
366 1375 405 1422 ac
419 1355 617 1443 dignissimo
636 1354 745 1440 capite
760 1352 948 1421 beatissimi
967 1351 1134 1441 Gregorii,
1155 1372 1239 1441 pape
1262 1371 1302 1419 ac

264 1476 479 1540 sacrosancte
494 1471 634 1538 ecclesie
650 1469 798 1538 doctoris
814 1469 942 1549 eximii,
960 1489 1034 1536 cum
1050 1469 1126 1536 aliis
1142 1467 1304 1558 dignissi-

263 1591 328 1655 mis
349 1588 536 1655 innumeris
548 1587 714 1673 reliquiis,
729 1607 869 1673 quornm
886 1587 1118 1655 sacratissima
1131 1586 1304 1674 provincia

259 1706 333 1794 jam
347 1705 449 1787 dicta,
469 1703 640 1771 Senonum
656 1705 777 1771 civitas
792 1691 827 1771 et
839 1703 987 1791 ejusdem
1001 1704 1188 1791 provincia,
1205 1708 1240 1773 et
1252 1708 1304 1770 to-

264 1815 582 1907 oiusGallieraries
593 1818 772 1886 letabunda
790 1818 1018 1906 gratulentur,
1031 1819 1151 1907 priscis
1167 1819 1203 1885 in
1216 1824 1305 1888 tem-

264 1936 400 2024 poribus
416 1936 624 2004 monasteria
637 1939 755 2004 nostra
765 1934 1087 2025 predictainsignire
1099 1940 1133 2005 et
1146 1936 1305 2004 decorare

264 2052 384 2131 voluit,
407 2051 448 2119 ad
469 2072 532 2139 qne
551 2056 730 2140 propterea
749 2052 925 2139 utriusque
948 2071 1048 2118 sexus
1068 2050 1183 2119 fideles
1203 2054 1305 2121 innn-

265 2170 361 2247 meri,
379 2167 524 2236 diversis
540 2167 760 2255 languoribus
773 2169 901 2247 vexati,
917 2188 937 2234 a
952 2169 1082 2238 cunctis
1095 2169 1211 2236 mundi
1225 2191 1307 2258 par-

263 2286 355 2353 tibus
371 2285 450 2351 olim
472 2283 666 2369 affluentes
684 2290 820 2374 sperata
830 2284 1037 2365 valetudine,
1051 2287 1200 2373 ipsorum
1213 2307 1308 2354 sanc·

264 2403 473 2471 tissimorum
491 2421 559 2467 non
577 2401 756 2489 privantur
770 2402 916 2488 presidio
929 2401 1082 2482 mirilico,
1095 2423 1235 2490 quorum
1248 2402 1307 2470 alii

264 2541 286 2587 a
316 2525 411 2607 peste
438 2518 613 2606 epydemie
643 2524 678 2588 et
709 2518 886 2587 subitanea
915 2527 1037 2601 morte,
1059 2520 1119 2586 alli
1149 2520 1306 2587 amorbo

264 2636 401 2715 caduce,
421 2655 537 2702 eorum
551 2636 741 2723 patrocinio
755 2635 905 2716 liberati,
917 2635 960 2703 ad
980 2637 1205 2725 propriarum
1221 2657 1308 2725 gau-

264 2753 320 2818 die
346 2756 540 2819 remearent
561 2752 636 2817 sani
663 2755 697 2818 et
719 2752 918 2831 incolumes,
943 2752 1002 2819 Dei
1023 2757 1058 2820 et
1080 2751 1307 2840 predictorum

266 2873 459 2966 sanctorum
478 2870 652 2958 magnalia
665 2867 910 2936 collaudantes.
929 2870 1000 2946 Qua
1024 2870 1127 2939 etiam
1157 2875 1308 2958 postmo-

266 2987 344 3052 dum
376 2986 523 3053 liliorum
557 2988 765 3075 sceptrigera
797 2986 971 3070 majestas,
1003 2986 1192 3075 inspirante
1225 2987 1305 3067 Deo,

266 3102 364 3190 larga
387 3123 502 3181 manu,
533 3102 567 3169 in
588 3103 739 3191 primeva
767 3103 819 3169 sui
848 3100 1058 3184 fundatione,
1092 3103 1209 3176 multis
1228 3123 1307 3192 pre·

267 3214 399 3286 diorum
435 3239 476 3286 ac
508 3220 758 3306 possessionum
794 3218 893 3307 longe
934 3220 1068 3307 lateque
1104 3221 1308 3289 situatarum

268 3333 457 3402 redditibus
475 3334 518 3402 ad
541 3335 667 3404 cultum
685 3336 746 3403 Dei
766 3337 959 3423 uictumque
982 3336 1211 3404 cothidianum
1227 3335 1309 3402 reli-

268 3453 437 3540 giosorum
469 3450 662 3519 eorumdem
686 3454 971 3521 monasteriorum
1001 3454 1207 3531 nostrorum,
1226 3451 1309 3519 inibi

267 3567 472 3657 degentium,
493 3569 626 3655 Deoque
643 3573 678 3636 et
693 3567 889 3637 beatissime
912 3569 1038 3657 virgini
1061 3569 1179 3651 Maria,
1199 3567 1310 3656 prefa-

267 3685 378 3772 tisque
398 3686 524 3753 sanctis
541 3684 595 3751 die
614 3690 777 3772 nocteque
794 3683 1040 3764 famulantium,
1065 3687 1197 3775 copiose
1211 3684 1309 3753 dota-

268 3801 319 3868 vit
346 3801 438 3868 illius
468 3821 529 3888 per
558 3800 672 3867 orbern
699 3804 868 3868 terrarum
897 3799 1122 3868 famosissime
1146 3806 1181 3870 et
1204 3802 1309 3890 prolis

270 3916 482 3985 inclitissime
502 3938 618 4006 regum
640 3911 902 3985 christianorum
921 3918 1076 4006 vestigiis
1096 3939 1157 4006 pro
1180 3915 1309 3985 viribus

270 4033 427 4113 imitatis,
450 4033 600 4122 precelsa
609 4035 803 4121 post-eritas,
824 4034 1057 4122 multipliciter
1070 4034 1218 4124 ipsorum
1235 4052 1310 4102 nes-

271 4156 401 4219 trorum
416 4152 699 4219 monasteriorum
713 4151 936 4230 dctacionem,
948 4171 1072 4240 augere
1081 4156 1285 4220 curaverunt
1298 4174 1307 4232 ;

273 4267 511 4338 nichilominus
523 4265 731 4337 increscente
741 4269 885 4349 malitia,
895 4268 1136 4361 refrigescente
1152 4269 1307 4349 caritate,
