3180 5012
751 582 794 598 ..
817 547 861 613 22
885 581 928 598 ..

318 691 381 766 Qui
397 711 475 759 mox
495 694 533 776 ut
548 711 620 757 eam
645 689 710 758 fuit
731 691 875 757 intuitus
899 689 1025 775 recepit
1047 689 1163 755 statim
1179 689 1357 775 pristinam

322 807 515 873 sanitatem.
550 807 643 872 Tunc
677 807 775 893 jussu
802 806 1017 893 imperatoris
1049 801 1193 890 Pylatus
1228 805 1360 891 capitur

241 985 243 988 .
314 924 357 986 et
371 921 510 986 Romam
528 911 905 1008 perduciturnylatus
925 923 1037 985 autem
1052 920 1194 984 'Domini
1210 921 1359 985 tunicam

319 1036 474 1103 indutam
497 1056 610 1102 eoram
630 1036 833 1124 imperatore
852 1036 1012 1122 portavit.
1028 1035 1071 1101 Et
1083 1034 1360 1121 dumimperator

323 1172 398 1218 eum
412 1150 499 1218 vidit
512 1151 672 1237 ¹placatus
687 1150 763 1228 fun,
784 1155 818 1217 ct
831 1171 898 1217 non
912 1149 1031 1232 videns
1051 1171 1126 1215 eum
1150 1154 1268 1216 contra
1286 1169 1361 1213 eum

323 1271 433 1332 motus
455 1269 541 1344 erat,
561 1266 676 1332 dicens
702 1267 860 1352 Pylatum
882 1285 955 1331 esse
981 1264 1086 1330 filium
1104 1265 1235 1330 mortis.
1255 1265 1361 1329 Mira-

322 1383 447 1448 bantur
464 1401 579 1447 omnes
593 1380 679 1466 quod
694 1382 879 1467 imperator
893 1381 941 1445 sic
955 1384 1075 1446 contra
1093 1379 1265 1464 Pylatum,
1282 1378 1361 1443 dum

323 1495 468 1575 abesset,
491 1499 602 1561 motus
617 1496 670 1561 ira
690 1499 777 1572 erat,
797 1500 831 1562 et
854 1493 932 1559 dum
952 1497 1185 1581 presenserat
1208 1493 1256 1559 nil
1281 1512 1364 1558 oon·

322 1617 379 1680 tra
395 1632 470 1678 eum
491 1613 581 1697 loqui
598 1631 715 1697 aspere
730 1615 857 1698 posset.
875 1609 1023 1675 Tandem
1045 1609 1159 1674 divino
1178 1612 1262 1674 nutu
1286 1628 1362 1672 eum

278 1741 313 1804 ιο
324 1729 488 1815 expoliari
510 1728 612 1805 fecit;
629 1731 710 1793 tunc
727 1727 865 1813 cognita
885 1725 950 1792 fuit
970 1725 1085 1791 tunica
1105 1724 1238 1790 Domini
1253 1726 1287 1790 et
1304 1725 1365 1787 iin-

324 1847 461 1930 perator
495 1843 653 1928 Pylatum
686 1842 959 1928 condempnavit.
999 1841 1042 1906 Et
1078 1839 1209 1904 demum
1248 1839 1360 1906 dictus

321 1960 480 2045 ··Pylatus‚
504 1957 684 2024 secundum
699 1958 878 2023 Eusebium
895 1962 930 2024 et
952 1955 1089 2038 Bedam,
1108 1975 1210 2021 manu
1227 1955 1365 2042 propria

327 2096 362 2141 se
388 2068 541 2162 peremit,
567 2075 610 2140 Et
632 2075 680 2138 sic
704 2075 820 2139 tunica
838 2073 971 2139 Domini
991 2071 1079 2157 apud
1100 2072 1270 2137 Romanos
1298 2069 1364 2136 fnit

326 2188 508 2257 honorifice
540 2192 751 2255 conservata.
785 2188 849 2253 Sed
882 2186 1093 2272 postmodum
1123 2187 1158 2250 in
1192 2186 1364 2253 civitatem

326 2305 455 2390 Zaphat
477 2302 654 2388 deportata
669 2302 747 2380 fuit,
769 2303 813 2367 ibi
834 2322 894 2388 per
913 2303 1048 2388 longum
1067 2306 1199 2387 tempus
1222 2320 1295 2366 cum
1315 2319 1366 2365 ar·

327 2421 391 2486 cha
416 2438 604 2484 marmorea
630 2417 828 2484 abscondita
860 2422 893 2484 et
928 2421 1074 2483 servata.
1098 2417 1196 2482 Anno
1221 2435 1301 2482 vcro
1323 2415 1365 2481 ab

327 2535 560 2600 incarnatione.
575 2533 704 2600 Christi
725 2533 995 2619 quingentesimo
1010 2531 1229 2617 nonagesimo
1245 2535 1363 2597 octavo

263 2654 287 2677 ²
328 2651 465 2716 inventa
478 2649 542 2716 fuit
552 2655 586 2716 et
600 2650 713 2716 levata
730 2669 750 2714 a
766 2648 929 2735 Gregorio
942 2647 1177 2714 anthiocheno
1191 2651 1225 2713 et
1238 2648 1366 2712 Thoma
1469 2693 1472 2700 ·

326 2766 623 2832 dherosolimitano
662 2768 697 2831 et
732 2765 887 2831 dohanne
926 2763 1300 2848 Constantinopolitano
1322 2767 1366 2842 ,et

259 2889 559 2971 '20Jherosolimis
574 2889 609 2952 in
632 2888 705 2953 loco
720 2886 777 2952 ubi
799 2895 882 2952 crux
899 2886 1031 2952 Domini
1055 2884 1217 2951 adoratur
1240 2886 1363 2972 posita.

328 3004 452 3070 Postea
463 3024 543 3069 vero
558 3003 728 3091 peregrini
744 3001 868 3069 milites
881 3021 941 3086 per
956 3001 1107 3066 diversas
1123 3000 1237 3064 mundi
1250 3004 1365 3085 partes

327 3096 558 3204 portiunculas
586 3120 818 3204 asportarunt.
848 3118 895 3182 De
912 3118 971 3182 illa
999 3137 1096 3182 sacra
1120 3117 1236 3181 tunica
1260 3115 1366 3179 'habe-

328 3253 401 3297 mus
426 3233 460 3297 in
485 3233 628 3320 quadam
651 3232 768 3299 tabula
793 3237 957 3318 argentea
977 3237 1011 3298 et
1034 3230 1232 3311 cristallina,
1265 3249 1364 3314 quam

328 3347 410 3412 inibi
426 3341 678 3416 servari'voluit
701 3348 785 3412 bone
809 3348 968 3412 memorie
985 3346 1162 3413 defunctus
1183 3344 1366 3411 Gaufridus

328 3463 443 3529 abbas.

553 3709 554 3714 ’
670 3714 713 3762 nu
737 3714 879 3762 saonem
904 3713 1025 3788 nonum

373 3928 559 3996 Secundum
577 3929 765 4018 Johaunem
790 3928 974 3996 scribitur:
1007 3927 1121 3992 Sciens
1142 3925 1265 3991 Jhesus
1290 3926 1369 4011 qnia

323 4045 393 4132 jam
411 4047 523 4112 omnia
537 4048 768 4111 consummata
780 4038 894 4111 essent
914 4048 954 4110 ut
972 4046 1262 4109 consummaretur
1285 4041 1370 4144 §cri-

329 4169 441 4250 ptura,
451 4150 570 4236 adiurit:
595 4161 694 4227 Sicio.
715 4161 787 4226 Vas
808 4180 888 4246 ergo
910 4159 1054 4249 positum
1071 4162 1146 4225 erat
1170 4161 1285 4224 acceto
1297 4157 1369 4246 ple-
