3164 5016
642 487 650 504 ”
743 491 941 556 -118-

324 629 374 696 ilii
409 633 596 718 nonaginta
632 650 776 711 novom3
810 637 845 700 et
876 632 1038 718 baptizati
1066 635 1158 711 sunt,
1193 630 1252 697 illa
1291 630 1356 709 dio,

326 767 440 814 omnes
452 749 592 834 pariter.
607 749 822 818 Martinizata
835 748 899 818 fuit
911 748 1107 816 beatissima
1119 749 1251 815 Venera
1265 749 1360 834 virgo

324 882 384 950 pro
407 864 493 932 bono
512 863 590 930 fidei
609 864 831 944 confessione,
849 885 964 932 mense
983 863 1064 932 Julii
1078 865 1113 930 in
1129 845 1358 931 die‘vioosimo

325 985 421 1048 sexto
436 981 496 1047 sub
506 981 667 1061 Antonio,
684 981 860 1050 Anthemio
874 986 909 1050 et
919 981 1074 1068 Asolipeo
1086 979 1356 1068 imperatoribus,

323 1100 487 1184 regnante
508 1098 648 1164 Domino
663 1098 769 1164 lhesu
792 1098 937 1182 Christo,
958 1099 1013 1184 qui
1031 1117 1104 1164 num
1118 1102 1215 1185 patre
1230 1102 1265 1166 et
1282 1097 1358 1185 Spi-

323 1213 392 1281 ritu
406 1213 530 1281 Sanoto
548 1215 634 1282 vivit
654 1219 688 1282 et
702 1218 824 1303 regnat
850 1217 937 1282 Deus
955 1235 1016 1301 per
1036 1214 1148 1282 omnia
1172 1213 1285 1282 secula
1304 1235 1358 1280 ae-

323 1329 486 1425 oulorum,
504 1349 615 1395 amen.

369 1438 403 1514 ἢ.
422 1443 505 1512 Post
520 1446 629 1532 ignes.
744 1441 778 1519 l.
801 1445 945 1514 Gaudeo.

366 1563 611 1648 Eoooopellroo
639 1569 727 1631 sioni
767 1565 807 1630 de
848 1564 1047 1646 Vlrplallau.
1093 1563 1133 1628 In
1164 1562 1349 1645 Materiale,

276 1680 500 1763 illoudlbus,
516 1682 702 1764 antiplona
717 1681 756 1746 de
771 1680 970 1764 Vlrplolous.
987 1677 1196 1765 Capitulum.
1214 1677 1276 1752 oui
1288 1676 1356 1764 glo-

281 1871 282 1874 *
323 1797 445 1864 riatur.
461 1803 495 1881 ἡ.
519 1799 559 1863 do
587 1799 784 1884 Vlrplnlboo.

323 1935 477 2019 riparum
497 1930 554 2020 (1).
572 1935 659 2000 Deus
674 1933 744 2018 qni,
761 1932 851 1998 inter
865 1935 977 1997 uetera

566 2047 806 2115 Miraoulorum
822 2066 935 2134 opera,

566 2165 736 2252 Fragilem
752 2161 874 2232 sortem
893 2161 1014 2241 afficis,

562 2282 686 2348 Mirum
705 2300 788 2370 opus
805 2277 945 2366 opificis,

564 2398 634 2464 Tuo
645 2396 770 2483 virgini
787 2396 919 2462 Venere

563 2512 710 2580 Voluisti
726 2511 876 2580 tribuero

563 2700 712 2768 Martirii
729 2700 907 2767 uictoriam

568 2819 611 2886 Et
629 2821 706 2904 post
728 2820 899 2883 tormenta
916 2815 1070 2904 gloriam.

560 2936 677 3014 lhesu,
696 2952 820 3002 corona
834 2933 1015 3020 virginum,

563 3055 625 3131 oui
640 3058 741 3121 notus
757 3073 792 3120 os
806 3051 848 3118 de
864 3051 1008 3137 virgine,
1149 3051 1153 3062 '

562 3171 699 3258 Semper
713 3175 748 3237 et
763 3174 862 3236 extra
875 3168 1056 3234 terminum

562 3287 677 3356 Gloria
697 3285 774 3360 tibi,
792 3284 941 3351 Domino.
963 3282 1078 3349 Amen.

559 3411 589 3486 p.
612 3401 806 3490 Adjuvabit.

361 3561 554 3645 Anllploao
573 3557 617 3624 ol
631 3555 837 3621 Benedslolas.

563 3671 776 3751 Benedictus,
793 3671 850 3757 qui
866 3667 1000 3757 prebuit
1082 3691 1087 3704 ¹

559 3787 777 3878 Triumphum
799 3789 914 3854 sancto
933 3785 1076 3861 Venere,

348 4056 383 4120 (i)
399 4058 433 4106 lai
449 4057 474 4106 la
499 4055 609 4108 notuliou
635 4051 752 4102 musicale
777 4050 881 4112 roprand
897 4053 920 4098 et
932 4062 958 4098 ao
976 4049 1092 4099 eontinue
1114 4048 1214 4116 jusqn't
1232 4050 1256 4098 ia
1271 4049 1306 4100 flu
1324 4049 1356 4100 do

316 4147 410 4201 l'offioe.
