3164 5016
660 569 704 586 ..
727 535 771 604 85
793 570 838 587 ..

236 679 350 746 danda
380 678 468 746 bona
489 683 523 746 et
538 697 606 746 non
630 677 673 746 ed
689 677 797 746 officia
816 678 1017 767 optinenda;
1046 677 1133 766 quod
1159 683 1279 746 contra

237 794 426 882 predictum
458 793 611 862 abbatem
640 814 700 882 per
728 795 1014 883 archiepiscopum
1044 797 1275 883 optinuerunt.

239 913 330 980 Dicti
352 932 432 979 vero
456 911 612 978 monachi
634 912 789 978 extranei
817 911 910 978 intus
934 910 1081 997 fereper
1101 931 1207 977 annos
1229 931 1280 976 re·

197 1057 200 1063 ·
243 1031 460 1106 manserunt;
500 1028 569 1112 qui,
602 1027 685 1093 visis
713 1026 809 1092 bonis
837 1026 1148 1093 conversationibus
1177 1027 1278 1093 istius

167 1175 170 1184 2
246 1148 443 1222 convenitne,
468 1143 510 1210 ad
527 1141 768 1210 monasterium
787 1143 942 1222 Arrame‚
959 1142 1047 1208 unde
1070 1147 1181 1225 erant,
1210 1143 1279 1208 lau·

245 1259 364 1327 dantes
395 1264 428 1327 et
448 1259 565 1327 multe
588 1258 676 1327 bona
702 1259 743 1324 de
776 1263 943 1325 conventu
972 1258 1121 1325 dicentes
1150 1260 1278 1326 reversi

243 1379 333 1442 sunt.

279 1493 379 1569 Item,
398 1494 548 1577 tempore
561 1509 633 1569 suo,
642 1490 736 1576 prior
748 1489 863 1568 Sancti
874 1490 1048 1558 Sanctiani
1061 1511 1137 1557 cum
1153 1489 1278 1556 famulo

239 1612 274 1676 et
285 1606 413 1674 famula
427 1625 448 1672 a
463 1606 652 1673 latronibus
667 1611 764 1675 nocte
780 1613 859 1674 sunt
876 1607 1048 1675 interfecti
1063 1611 1098 1674 et
1112 1607 1189 1694 igne
1203 1627 1278 1674 cum

234 1725 389 1812 prioratu
414 1724 619 1790 concremati
636 1729 736 1810 prout
753 1727 905 1810 apparet.
926 1724 1126 1790 Multociens
1141 1723 1278 1804 accidit,
1290 1731 1327 1796 10

236 1843 387 1924 tempore
399 1837 499 1904 istius
515 1836 659 1916 abbatis,
679 1837 765 1924 quod
780 1837 821 1904 ad
837 1837 1024 1924 predictum
1038 1841 1224 1924 prioratum
1244 1846 1279 1907 et

235 1954 277 2019 ad
298 1954 408 2020 locum
435 1953 592 2038 martyrii
609 1952 750 2039 predicti
767 1955 876 2021 sancti
892 1954 1078 2034 sanctiani,
1099 1957 1188 2022 omni
1202 1977 1277 2043 pro·

216 2127 221 2136 .
234 2071 347 2136 vincia
354 2090 414 2156 pre
424 2070 528 2135 nimia
541 2071 694 2137 siccitate
706 2075 741 2137 et
753 2071 842 2135 aeris
857 2071 1120 2157 intemperantia
1130 2091 1188 2158 spe
1200 2071 1275 2158 plu-

234 2187 289 2253 vie
305 2185 482 2267 destituta,
505 2183 631 2252 fratres
651 2186 751 2252 istius
775 2185 839 2252 loci
862 2187 1161 2273 processionaliter
1179 2186 1277 2256 ibant

237 2321 370 2368 sacrum
382 2320 502 2388 corpus
520 2301 663 2388 predicti
678 2303 842 2388 martyris
859 2300 1063 2378 deferentes
1078 2307 1112 2368 et
1127 2301 1275 2369 divinam

238 2419 384 2506 gratiam
402 2423 440 2485 ut
463 2418 656 2504 optinerent
674 2417 822 2505 pluviam
847 2417 1021 2486 humiliter
1042 2417 1273 2506 deprecantes.

236 2535 341 2610 Quam
358 2535 505 2621 gratiam
525 2533 567 2600 ob
582 2536 692 2601 sancti
711 2536 874 2622 martyris
896 2537 1018 2602 merita
1033 2535 1274 2622 percipiebant.

236 2649 323 2717 Nam
339 2650 375 2714 in
393 2649 517 2733 reditu,
544 2652 696 2736 quamvis
720 2652 755 2716 in
774 2671 852 2716 aere
875 2650 979 2717 nubes
1004 2651 1155 2738 pluviosa
1176 2658 1278 2720 antea

238 2767 375 2834 minime
399 2772 613 2854 apparerent,
640 2769 799 2835 continuo
823 2769 957 2854 copiosa
976 2768 1200 2836 descendebat
1220 2769 1278 2835 diu

237 2883 429 2952 desiderata
458 2883 693 2951 habundantia
719 2883 921 2970 pluviarum.
953 2886 1115 2972 Tempore
1134 2885 1277 2972 predicti
1289 2887 1327 2952 20

237 2999 381 3079 abbatis,
410 3000 636 3088 pygnaculum
662 2999 816 3066 dextrale
836 3001 1033 3067 monasterii
1050 3021 1125 3066 cum
1145 3003 1277 3090 magnis

237 3119 356 3187 vitreis
381 3120 483 3184 vento
499 3116 612 3184 valido
630 3115 682 3182 bis
698 3117 837 3199 commit,
867 3122 902 3184 et
920 3137 979 3204 per
991 3118 1100 3204 ipsum
1122 3118 1276 3187 abbatem

154 3239 158 3246 '
238 3234 304 3303 fuit
315 3233 366 3299 bis
381 3234 558 3320 apparenti
575 3231 777 3300 sufficientia
792 3238 998 3320 reparatum.
1017 3233 1174 3321 Ejusdem
1191 3240 1279 3304 tem-

241 3367 334 3438 pore,
354 3349 509 3418 horribili
528 3349 606 3436 igue
626 3348 767 3434 quedam
788 3369 868 3436 pars
884 3349 982 3437 burgi
1005 3350 1180 3418 combusta
1200 3351 1277 3430 fuit,

240 3466 298 3534 sed
317 3465 360 3534 ad
378 3465 539 3532 humilem
558 3465 813 3552 requisitionem
829 3466 954 3554 populi,
978 3467 1113 3552 quidam
1134 3465 1280 3535 fratrum

237 3603 315 3649 cum
331 3583 440 3669 capite
449 3581 540 3650 beati
554 3581 710 3669 Gregorii
721 3583 833 3670 ignem
846 3583 1098 3660 circumierunt,
1117 3587 1151 3650 et
1164 3585 1281 3650 statim

239 3704 361 3767 ventus
375 3700 597 3777 convertitur,
615 3718 676 3764 nec
689 3700 811 3766 ceteris
823 3698 976 3765 domibus
994 3700 1083 3786 ignis
1094 3699 1151 3766 ille
1166 3701 1282 3767 nocuit

240 3818 283 3882 'ex
310 3816 375 3882 hac
399 3816 496 3885 hora.
516 3817 678 3902 Tempore
703 3815 803 3882 istius
831 3813 975 3892 abbatis,
993 3815 1223 3901 possessiones
1239 3814 1281 3880 de

240 3931 405 3998 Caveteus
426 3936 461 3999 et
479 3931 520 3996 de
538 3931 733 4016 Apresauve
749 3950 809 4016 per
824 3929 1052 3997 venditionem
1069 3929 1200 3996 Gilonis
1222 3931 1282 3995 mi-

219 4033 224 4045 ⁸
240 4047 312 4115 litis
330 4047 370 4113 de
390 4048 513 4114 Brione
529 4052 563 4115 et
578 4048 675 4114 vinee
698 4047 738 4112 de
763 4045 924 4113 Crusilles
950 4065 1023 4112 cum
1042 4045 1184 4132 quodam
1207 4065 1281 4114 mo-

240 4163 380 4232 lendino
405 4183 465 4254 per
485 4161 712 4234 venditionem
737 4163 904 4234 iohannis
925 4161 965 4233 de
982 4163 1080 4234 Arsit
1102 4162 1221 4234 militis
1245 4167 1281 4235 et
