3180 5012
677 547 786 613 ..¹27
810 584 853 597 -

245 691 383 768 moriar,
406 690 576 776 apostolos
595 691 732 756 insimul
749 691 894 771 videam,
911 697 945 759 et
963 696 998 760 ut
1020 692 1134 758 anima
1154 692 1287 762 moade

245 826 383 893 corpore
399 807 515 872 exiens
541 806 668 872 nullum
685 807 799 874 videat
821 807 1007 903 malignum
1038 808 1206 893 spiritum.
1227 809 1288 875 Cui

246 923 409 1008 angelus:
433 922 501 988 Cur
523 941 644 987 nomen
667 942 777 987 meum
803 924 889 988 scire
912 923 1112 989 desideras?
1128 914 1292 1024 Admira3

246 1037 311 1102 bile
328 1041 380 1102 est
404 1041 437 1102 et
454 1057 612 1122 magnum
628 1059 636 1115 ;
656 1057 731 1103 ecoe
749 1041 861 1105 autem
880 1038 922 1103 ad
939 1044 974 1105 te
991 1035 1289 1124 congregabuntur

246 1151 411 1236 apostoli;
446 1152 611 1237 malignos
646 1155 759 1218 autem
787 1153 927 1238 spiritus
960 1172 1020 1218 cur
1049 1154 1183 1230 metuis,
1212 1173 1285 1219 cum

247 1270 346 1351 caput
359 1265 494 1351 dyaboli
511 1268 645 1358 omnino
670 1268 901 1334 contriveris?
918 1269 993 1333 Hiis
1014 1268 1125 1349 dictis,
1146 1269 1286 1355 angelus
1371 1355 1375 1367 1

247 1381 403 1447 discessit
428 1386 462 1447 et
487 1381 622 1467 palman
641 1382 946 1468 splendidissimam
972 1385 1120 1470 reliquit.
1149 1385 1287 1450 Factum

133 1489 139 1500 “
248 1500 300 1562 est
327 1500 376 1574 ut,
395 1495 471 1560 dum
496 1498 667 1562 lohannes
696 1499 730 1563 in
758 1499 890 1586 Epheso
915 1500 1117 1585 predicaret,
1139 1499 1290 1568 subitoa

248 1612 333 1677 nube
360 1611 557 1698 deportatus
586 1613 720 1678 domum
745 1615 890 1700 virginis
923 1615 1091 1692 introivit,
1120 1601 1288 1700 ceterique

247 1728 391 1813 apostoli
406 1748 426 1792 a
442 1728 523 1794 locis
540 1727 595 1792 ubi
608 1733 705 1795 erant
717 1730 751 1793 in
768 1729 911 1794 nubibus
928 1732 1107 1816 rapiuntur
1121 1735 1156 1798 et
1175 1711 1287 1796 coram
1302 1730 1337 1794 10

247 1845 357 1910 Maria
382 1849 416 1910 et
435 1843 567 1929 virgine
589 1843 744 1909 Johanne
765 1844 983 1911 collocantur.
1003 1845 1066 1919 Qui
1080 1845 1234 1911 videntes
1254 1841 1289 1910 'se

247 1961 389 2025 invicem
421 1962 642 2044 congregatos
679 1959 891 2024 mirabantur
920 1959 1099 2026 dicentes:
1134 1962 1203 2035 Que
1235 1965 1288 2027 est

248 2095 349 2140 causa
364 2079 500 2160 propter
520 2094 618 2159 quam
635 2075 795 2140 Dominus
811 2095 873 2141 nos
902 2076 1299 2162 congregavitlQuibus'
1331 2142 1337 2151 ,
1453 2076 1455 2081 ’

186 2275 189 2288 ⁴
246 2186 418 2256 lohannes
439 2188 550 2255 dixit:
576 2190 718 2256 Domina
741 2196 859 2256 nostra
880 2194 943 2256 est.
956 2191 997 2256 de
1016 2212 1156 2276 corpore
1180 2214 1289 2259 reoes·
1395 2182 1405 2196 ’

249 2325 340 2372 sura.
357 2305 439 2371 Cum
455 2308 566 2371 autem
581 2305 681 2371 beata
706 2307 817 2370 Maria
832 2326 947 2372 omnes
963 2308 1133 2393 apostolos
1147 2308 1289 2376 vidisset

248 2423 384 2488 insimul
411 2427 633 2508 congregatos
658 2423 833 2488 Dominum
849 2401 1031 2511 ,benedixit
1057 2429 1091 2496 et
1119 2425 1153 2488 in
1180 2423 1288 2490 medio

248 2557 362 2602 eorum
380 2535 532 2603 consedit
550 2535 726 2602 rdentibus
742 2537 964 2623 lampadibus
985 2538 1083 2604 Circa
1109 2559 1188 2604 vero
1215 2521 1300 2606 ter-l
1405 2554 1407 2558 ·

249 2653 334 2719 ciam
355 2652 604 2742 noctiswhoram
628 2652 722 2718 venit
749 2653 872 2718 Jhesus
897 2673 971 2719 cum
996 2654 1126 2739 angelis
1151 2662 1185 2720 et
1204 2655 1288 2720 celo

247 2788 321 2833 rum
347 2767 532 2833 ordinibus.
558 2767 711 2853 Apostoli
738 2772 850 2834 antem
873 2768 1032 2834 viderunt
1052 2770 1198 2834 animam
1215 2770 1287 2856 ejus

247 2884 336 2950 tanti
358 2884 439 2949 'esse
471 2883 628 2948 candoris
657 2887 696 2950 ut
726 2883 819 2948 nulla
844 2883 1038 2950 mortalium
1065 2884 1181 2970 lingua
1199 2893 1288 2971 pos·
1299 2889 1339 2952 20

249 3003 301 3065 set
325 2997 430 3064 effari.
457 3000 540 3064 Tres
559 3000 790 3085 virginesque
813 2997 860 3063 ibi
886 3003 984 3065 erant
1001 3019 1121 3086 corpus
1150 3001 1289 3086 ejusla-

247 3119 425 3191 voverunt,
438 3113 524 3200 quod
540 3118 638 3180 tanta
656 3113 812 3180 claritate
829 3114 1035 3200 resplenduit
1052 3119 1089 3182 ut
1104 3117 1200 3202 tangi
1216 3136 1289 3202 pos·

250 3233 301 3295 set
330 3228 387 3294 sed
410 3249 477 3294 non
499 3229 621 3294 videri.
646 3230 800 3315 Apostoli
818 3250 937 3316 corpus
957 3250 1090 3295 sacrum
1112 3251 1212 3316 super
1237 3232 1289 3297 fe-

248 3349 376 3411 retrum
394 3349 590 3430 posuerunt.
611 3345 783 3410 lohannes
806 3345 991 3430 predictam
1005 3344 1151 3431 palmam
1175 3346 1290 3433 depor-

248 3461 355 3539 tabat,
372 3461 495 3527 Petrus
516 3464 550 3526 et
570 3459 695 3525 Paulus
712 3459 867 3526 ferebant
885 3480 959 3526 cum
985 3459 1110 3528 feretro
1135 3467 1288 3530 sanetum

182 3657 184 3662 Δ
204 3607 210 3626 .
249 3597 368 3663 corpus
384 3599 391 3655 ;
410 3577 513 3642 ceteri
532 3596 612 3641 vero
633 3576 776 3662 apostoli
796 3574 989 3644 referebant
1008 3578 1148 3643 Domino
1169 3576 1289 3664 dignas

248 3692 377 3757 laudes.
396 3691 560 3758 Veniente
586 3692 727 3757 Domino
756 3693 860 3757 Jhesu
886 3713 960 3758 oum
988 3693 1205 3760 multitudine
1226 3713 1290 3758 an-

250 3806 399 3892 gelorum
436 3811 610 3892 assumpta
641 3812 693 3873 est
723 3809 834 3874 Maria
864 3809 899 3873 in
933 3808 1039 3874 celum
1073 3813 1106 3874 et
1138 3805 1312 3877 exaltata

250 3941 349 4007 super
387 3921 508 3986 thoros
541 3921 751 4007 angelorum,
787 3922 1000 3990 Vestimenta
1035 3927 1146 3988 autem
1184 3923 1289 4008 ipsius
1362 3972 1363 3978 κ

249 4035 407 4102 dicuntur
441 4035 482 4100 ad
527 4036 791 4103 consolationem
824 4036 972 4104 fidelium
1008 4038 1042 4102 in
1068 4022 1197 4104 tumulo
1227 4045 1286 4104 suo
1299 4040 1338 4105 30

250 4151 336 4238 quod
353 4157 405 4218 est
420 4153 454 4217 in
474 4152 562 4218 valle
581 4152 746 4239 Josaphat
772 4155 988 4220 remansisse.
1009 4154 1056 4220 De
1076 4154 1194 4241 quibus
1209 4173 1288 4220 ves·
