3180 5012
670 459 838 526 ...ll-

272 596 472 671 Epytaphium
493 595 588 670 ipsius
607 596 745 669 virginis.

271 692 317 748 De
336 693 507 749 nominibus
521 694 662 751 abbatum
676 695 852 752 monasterii
871 695 974 752 Sancti
990 696 1075 752 Petri
1096 693 1166 749 Vivi
1184 697 1214 749 et
1237 691 1275 748 de
1361 680 1363 684 ¹

308 788 423 845 actibus
436 795 466 844 et
481 789 645 863 sepulturis
660 791 858 864 quorumdam
879 791 1025 864 ipsorum.

271 885 316 940 De
329 885 501 964 nominibus
517 885 811 961 archiepiscoporum
822 888 1052 957 Senonensium‚
1066 891 1096 943 et
1106 886 1143 942 de
1157 884 1275 941 actibus

315 997 345 1040 et
360 985 524 1059 sepulturis
537 985 735 1059 quorumdam
753 986 897 1059 ipsorum.

272 1083 317 1138 De
330 1083 502 1140 nominibus
521 1099 627 1154 regum
641 1083 827 1140 Francorum
840 1087 870 1139 et
886 1082 923 1138 de
937 1082 1053 1139 actibus
1068 1085 1098 1139 et
1109 1080 1274 1154 sepulturis

310 1179 509 1254 quorumdam
526 1180 672 1253 ipsorum.

559 1415 602 1462 DE
626 1415 744 1463 SUMMA
774 1416 960 1464 TRINITATE

206 1614 209 1620 ’
279 1625 487 1692 Salvatorem
500 1632 653 1693 nostrum
667 1627 684 1690 J
688 1627 805 1692 hesum
815 1627 999 1701 Christum,
1011 1626 1116 1692 filium
1126 1581 1272 1702 Deiuivi,

94 1717 97 1724 ¹
129 1731 131 1735 ⁸
234 1761 307 1806 cum
320 1742 423 1807 Patre
438 1748 472 1808 et
487 1742 614 1828 Spiritu
632 1741 756 1810 Sancto
775 1743 903 1809 trinum
922 1748 957 1809 et
979 1761 1082 1807 unum
1106 1742 1209 1807 Deum
1235 1741 1270 1804 in
1288 1738 1324 1800 10

234 1856 381 1920 omnium
394 1855 589 1942 primordiis
617 1860 810 1923 sanctorum
839 1877 900 1922 nos
928 1858 1113 1933 nominare,
1133 1855 1272 1922 laudare
1310 1926 1320 1932 ,
1388 1913 1392 1918 .

235 1977 269 2037 et
292 1970 487 2037 benedicere
507 1972 678 2051 condecet,
706 1973 762 2058 qui
790 1977 929 2038 cunctos
953 1970 1269 2054 condiditsanotos,

232 2107 293 2174 per
311 2106 408 2172 quem
433 2087 545 2152 omnia
571 2087 662 2154 facta
686 2092 776 2164 sunt,
803 2105 977 2174 perquem
1001 2086 1190 2151 subsistunt
1205 2085 1275 2150 ele·

233 2205 360 2277 menta,
387 2201 481 2285 cujus
500 2188 661 2286 majestas
678 2221 740 2266 nee
761 2201 879 2287 incipit
900 2221 961 2266 nec
976 2200 1101 2265 desinit
1119 2200 1153 2264 in
1177 2219 1274 2264 secu-

233 2315 315 2392 lum,
341 2314 430 2379 unde
453 2316 574 2381 merito
602 2317 806 2402 principium
830 2337 869 2382 ac
894 2315 971 2381 finis
989 2317 1098 2382 omnis
1119 2320 1274 2382 creature

233 2430 447 2506 nominatur,
464 2436 502 2496 ut
525 2429 565 2494 de
588 2451 626 2496 eo
647 2452 707 2518 per
731 2431 906 2517 quemdam
926 2431 1124 2519 prudentem
1147 2430 1273 2497 dictum

201 2607 203 2610 .
233 2549 309 2610 est:
327 2543 443 2610 Omnis
463 2547 660 2631 sapientiae
673 2547 741 2612 Deo
758 2553 822 2624 est,
840 2553 961 2614 etcum
978 2547 1035 2611 illo
1049 2545 1113 2611 fuit
1127 2564 1270 2631 semper,

232 2665 266 2726 et
279 2666 332 2726 est
352 2665 431 2726 ante
446 2679 533 2725 eum.
551 2659 666 2726 Omnis
683 2667 834 2748 potestas
858 2661 892 2726 in
914 2681 1016 2726 manu
1029 2661 1088 2725 Dei
1101 2665 1163 2736 est,
1177 2679 1271 2723 nun-

232 2794 331 2860 quam
346 2775 387 2840 ab
406 2776 650 2862 omnipotentia
664 2777 778 2842 Patris
795 2781 831 2842 et
850 2776 928 2840 Filii
941 2779 975 2842 et
989 2773 1271 2861 Spiritus-Sancti

231 2894 284 2955 est
297 2887 444 2955 discreta
465 2888 637 2974 majestas
662 2894 697 2955 et
717 2889 874 2975 quicquid
898 2891 932 2954 in
954 2887 1174 2975 dispositione
1195 2887 1320 2952 om·20

230 3005 323 3068 nium
351 3023 464 3068 rerum
493 3005 565 3090 agit
591 3003 706 3070 divina
740 3003 940 3071 moderatio.
968 3004 1020 3068 Ex
1045 3004 1150 3070 totius
1178 3003 1272 3068 venit

231 3119 410 3208 prudentia
432 3120 627 3198 Trinitatis;
653 3140 721 3186 una
736 3125 789 3186 est
808 3120 853 3185 ibi
868 3119 1061 3206 benignitas
1079 3121 1273 3186 misericor-

162 3227 165 3232 ’
231 3235 294 3316 die,
323 3254 390 3300 una
405 3239 457 3301 est
474 3254 616 3300 censura
630 3235 769 3321 justicie
786 3243 847 3301 nec
863 3234 988 3320 aliquid
1004 3241 1057 3302 est
1076 3237 1111 3300 in
1134 3238 1267 3303 actione

231 3349 387 3428 divisum,
403 3349 459 3414 ubi
474 3351 579 3415 nichil
594 3356 646 3417 est
659 3352 693 3415 in
706 3352 881 3419 voluntate
895 3351 1077 3418 diversum.
1097 3353 1167 3427 Que
1180 3353 1270 3418 enim

231 3467 521 3542 illuminatPater,
533 3465 701 3532 illuminat
715 3466 833 3543 Filius,
844 3466 1013 3532 illuminat
1025 3465 1273 3552 Spiritus-San·

232 3588 318 3649 ctus.
334 3582 480 3666 Cumque
494 3581 539 3646 sit
551 3581 618 3646 alia
634 3600 778 3667 persona
793 3581 903 3663 missi,
921 3581 990 3646 alia
1008 3582 1188 3660 mittentis,
1204 3581 1272 3656 alia

231 3697 472 3782 promittentis,
492 3697 591 3760 simul
605 3696 702 3762 nobis
715 3683 749 3763 et
765 3696 886 3763 Unitas
903 3695 1143 3762 manifestatur
1156 3699 1189 3762 et
1199 3692 1270 3760 Tri·

231 3813 333 3888 nitas,
359 3816 396 3878 ut
412 3811 564 3876 assencia
582 3810 709 3875 habens
730 3813 947 3896 equalitatem
964 3814 999 3877 et
1022 3830 1089 3875 non
1107 3810 1272 3894 recipiens

232 3925 497 4002 similitudinem,
515 3931 549 3991 et
565 3912 637 4012 ejus
658 3927 846 3993 substantie
866 3931 901 3994 et
916 3947 983 3992 non
1000 3925 1150 4012 ejusdem
1166 3925 1269 3992 intel-

231 4042 359 4136 ligatur
394 4061 468 4108 esse
503 4061 659 4136 persone.
691 4042 784 4126 Quod
806 4063 887 4138 ergo
918 4042 1013 4112 salva
1034 4041 1267 4132 cooperatione
1277 4045 1316 4112 30

821 4143 829 4166 t
