3164 5016
653 485 849 553 -113-

270 629 320 693 Ad
334 630 480 694 cantico.
495 627 702 710 Auttpbooa.
722 628 843 694 Divina
860 625 1001 694 tructus.

265 743 455 809 Canticum.
482 741 605 810 Audite
623 763 686 836 me.

266 863 370 927 Lectio
400 879 504 926 noua.
533 861 625 926 Tunc
656 857 872 926 adduxerunt
900 857 1082 925 draconem
1112 858 1263 926 vinctum

224 978 377 1044 cathenis
398 981 538 1063 septem,
568 980 602 1043 et
622 978 755 1062 aperuit
782 975 885 1042 draco
905 994 1069 1056 ossuum,
1091 979 1129 1043 ut
1147 973 1268 1062 deglu-

224 1095 305 1162 tiret
321 1097 484 1160 sanctam.
500 1093 623 1160 Sancte
636 1112 716 1159 vero
732 1091 812 1160 fecit
826 1095 958 1180 signum
971 1092 1080 1160 crucis
1098 1112 1198 1178 super
1215 1111 1263 1170 se,

223 1209 359 1276 dicens:
387 1209 450 1275 Ubi
465 1214 518 1277 est
536 1208 677 1296 angelus
701 1208 865 1296 Raphael,
885 1209 941 1295 qui
957 1212 1070 1276 custos
1085 1212 1138 1275 est
1156 1205 1265 1275 mihil

223 1329 267 1395 Et
280 1326 395 1396 statim
409 1326 563 1414 angelus,
579 1327 676 1410 quasi
690 1325 794 1392 nubes
809 1325 932 1403 lucida,
950 1324 1161 1393 obumbravit
1177 1344 1264 1392 eam.

225 1442 317 1508 Tunc
339 1442 435 1529 virgo
456 1442 568 1528 posuit
590 1439 706 1527 pedem
727 1459 822 1506 suum
852 1439 1008 1508 dextrum
1036 1460 1136 1529 super
1160 1438 1267 1527 capud

225 1558 308 1646 ejus.
338 1557 460 1626 Statim
483 1559 573 1645 cepit
596 1557 743 1624 clamare
763 1557 865 1625 draco
888 1562 923 1626 et
938 1556 1072 1624 dicere:
1096 1555 1147 1624 Vs
1162 1555 1266 1628 mihil

224 1671 304 1760 quid
321 1692 373 1738 me
389 1677 523 1740 coarcat
544 1673 606 1740 hec
622 1672 769 1739 mulieri
789 1673 942 1760 Amplius
960 1673 1097 1761 gravior
1112 1676 1166 1741 est
1178 1671 1262 1739 mibi
1282 1653 1318 1718 ¹⁰

225 1809 325 1878 super
339 1791 502 1858 cervicem
518 1808 627 1855 meam
642 1809 741 1875 quem
762 1789 791 1855 si
817 1788 962 1857 luissent
977 1788 1089 1856 decem
1105 1789 1199 1856 milia
1212 1789 1283 1857 uri-¹

224 1925 351 1972 rorum.
371 1904 441 1971 Nec
458 1905 533 1992 plus
549 1902 733 1971 doluissem
761 1925 859 1992 quum
881 1906 910 1971 si
929 1923 997 1971 una
1014 1905 1135 1970 mulier
1150 1903 1269 1994 subju·

225 2024 340 2110 gasset
360 2023 414 2085 me
428 2019 488 2086 sub
498 2019 636 2107 pedibus
652 2021 732 2087 suis.
755 2021 849 2088 'l'unc
865 2041 939 2087 cum
957 2003 1100 2088 vidisset
1113 2041 1175 2087 rex
1189 2021 1268 2106 quia

224 2137 334 2205 virtus
359 2156 426 2202 non
443 2141 518 2204 erat
541 2136 576 2201 in
601 2136 758 2216 dracone,
785 2142 821 2205 et
846 2138 924 2224 quia
951 2157 1019 2204 uon
1041 2137 1156 2204 nocuit
1178 2156 1266 2220 eam,

225 2253 418 2341 baptizatus
430 2257 484 2320 est
492 2272 567 2318 cum
578 2271 684 2340 regno
696 2273 767 2319 suo.
780 2251 862 2320 Cum
870 2254 1012 2321 vidisset
1023 2253 1267 2322 beataVenera

226 2369 313 2456 quod
342 2369 439 2438 multi
468 2369 580 2457 populi
604 2367 717 2437 effecti
745 2374 860 2438 essent
887 2371 1078 2449 christiani,
1108 2369 1196 2438 dixit
1224 2368 1268 2436 ad

225 2505 338 2573 regem
356 2505 364 2550 :
384 2485 507 2553 Dixisti
523 2490 560 2554 ut
573 2507 626 2552 me
641 2486 704 2554 tibi
723 2488 975 2578 conjungerem,
990 2486 1087 2554 modo
1104 2486 1215 2554 lectus
1232 2505 1269 2554 es

227 2602 281 2669 uir
307 2622 401 2668 meus
433 2603 670 2690 sempiternus,
697 2607 732 2671 et
750 2624 889 2692 regnum
910 2608 1006 2672 tuum
1026 2624 1095 2671 non
1122 2601 1264 2670 deliciet

226 2715 290 2784 Sed
302 2715 446 2785 firmiter
460 2724 674 2805 perseverate
687 2720 723 2784 in
734 2718 800 2786 lide
808 2719 948 2798 Christi,
962 2719 1024 2786 lilii
1037 2721 1110 2798 Dei,
1122 2722 1157 2787 et
1170 2716 1268 2785 modo

229 2833 437 2903 sanctificate
456 2835 654 2912 Ecclesiam,
679 2840 714 2903 et
731 2834 834 2904 facite
859 2836 951 2924 leges
976 2837 1035 2902 Dei
1061 2817 1320 2905 christiano-2⁰
1361 2877 1364 2885 ·

230 2971 316 3036 rum,
334 2951 454 3038 etipse
470 2950 885 3039 quodcumquepecieritis
900 2950 995 3020 dabit
1012 2951 1117 3036 vobis.
1145 3001 1147 3008 .

269 3074 305 3154 ἢ.
327 3067 401 3134 Ista
414 3071 478 3136 est.
494 3069 528 3147 j.
544 3068 659 3155 Specie
674 3073 746 3137 tua.

272 3183 379 3250 Lectio
400 3185 543 3251 uectum
561 3184 654 3252 Tunc
667 3183 841 3254 benedixit
861 3203 918 3251 eos
935 3186 1054 3251 sancta
1068 3183 1215 3266 Venere,
1234 3185 1270 3250 et

230 3298 380 3367 ostendit
409 3301 458 3366 eis
488 3319 618 3367 omnem
644 3299 742 3367 fldem
772 3300 1006 3379 christianam,
1030 3303 1065 3368 et
1083 3299 1144 3370 ait
1174 3298 1266 3366 illis:

228 3413 362 3496 Sciatis,
379 3415 504 3484 fratres
524 3417 712 3496 karissimi,
736 3417 814 3504 quia
828 3416 925 3484 modo
944 3415 1215 3504 relinquentes,
1234 3420 1270 3485 et

228 3531 315 3599 uado
333 3533 369 3598 in
387 3533 488 3599 eliam
511 3533 697 3613 civitatem,
724 3533 802 3620 quia
818 3532 864 3598 ibi
879 3535 958 3600 sunt
973 3551 1094 3620 greges
1112 3533 1185 3600 sine
1204 3521 1270 3597 nuss

229 3667 320 3730 mero
336 3667 403 3714 non
417 3647 578 3717 habentes
593 3654 777 3736 pastorem,
800 3654 835 3717 et
858 3649 958 3736 lupus
977 3649 1069 3735 rapit
1085 3651 1120 3715 et
1144 3647 1271 3736 disper-

193 3783 195 3790 *
227 3765 279 3851 git
295 3783 374 3831 oves
389 3786 397 3844 ;
415 3762 473 3830 sed
487 3763 585 3844 vado,
602 3770 639 3831 ut
652 3784 767 3831 eruam
781 3785 839 3832 eos
852 3767 887 3831 in
902 3765 1036 3832 nomine
1050 3765 1193 3847 Domini,
1210 3763 1268 3851 qui

228 3878 399 3946 ediabolo
418 3880 622 3948 retinentur.
651 3881 695 3948 Et
720 3881 838 3948 statim
864 3881 983 3949 avulsa
1000 3884 1053 3949 est
1077 3880 1120 3948 ab
1145 3879 1270 3948 occulis

229 4013 357 4075 eorum,
375 3998 409 4063 et
420 3997 575 4084 pervenit
598 4001 719 4065 sancta
737 4016 842 4084 usque
857 3997 901 4065 ad
916 3997 1057 4066 terciam
1079 3974 1268 4075 ciuitatem,
1280 4010 1320 4076 30

232 4106 288 4177 ubi
305 4109 441 4179 sedebat
468 4111 556 4180 alius
570 4131 632 4180 rex
646 4113 701 4201 qui
714 4109 898 4183 uocabatur
917 4112 1104 4201 Asclipeus.
1123 4110 1270 4198 Cumque

1138 4229 1160 4298 8
