3180 5012
740 453 917 520 -20-
1004 468 1012 475 “

197 662 200 667 .
309 598 350 666 ab
367 599 509 674 Helena,
528 602 637 664 matre
656 597 873 663 Constantini
893 595 1120 683 imperatoris,
1144 615 1204 682 per
1227 593 1347 660 Judam
1472 679 1479 690 ι

303 711 442 801 judeum
475 714 532 799 qui
559 713 657 779 modo
691 717 829 779 sanctus
851 712 1027 786 Quiriacus
1056 714 1217 788 vocatur,
1245 713 1283 777 ut
1310 710 1345 775 iu

205 835 208 842 '
301 807 547 899 ¹ecclesiasticis
566 834 696 917 postest
712 829 877 914 hystoriis
893 828 1047 915 reperiri.
1063 827 1133 893 Hec
1145 825 1345 893 miraculose

308 949 385 1012 acta
418 945 556 1012 fuerunt
585 944 818 1011 iherosolimis
848 963 936 1009 anno
978 963 998 1007 a
1028 943 1186 1030 passione
1218 938 1346 1006 Christi

306 1059 382 1126 00⁰.
399 1061 498 1126 Auno
517 1080 598 1127 vero
618 1059 660 1127 ab
676 1059 916 1126 Incarnatione
932 1059 980 1124 Mo
993 1058 1211 1145 nonagesimo
1228 1057 1346 1143 quinto
1380 1039 1386 1052 ⁸

304 1173 519 1262 partiuncula
537 1195 636 1261 quam
660 1174 822 1241 habemus
842 1173 990 1261 predicte
1012 1179 1128 1240 sancte
1152 1173 1261 1239 crucis
1291 1173 1346 1239 in-

302 1296 405 1358 venta
421 1289 486 1358 fuit
498 1311 573 1357 cum
587 1291 869 1377 superscriptione
884 1289 1036 1376 legitima
1051 1288 1170 1354 abone
1186 1289 1344 1354 memorie

305 1405 429 1471 domno
456 1405 626 1484 Richerio,
646 1405 832 1472 Senonensi
859 1406 1122 1492 archiepiscopO,
1145 1405 1180 1473 in
1201 1403 1346 1489 quodam

303 1521 428 1586 scrinio
446 1522 481 1585 in
507 1541 571 1606 quo
588 1525 663 1586 erat
682 1526 783 1607 caput
805 1519 896 1586 beati
914 1495 1090 1606 Gregorii,
1118 1539 1202 1607 pape
1225 1523 1260 1586 et
1283 1518 1346 1584 do-

256 1658 292 1728 10
303 1638 419 1702 cteris.
438 1637 485 1701 De
502 1635 618 1701 eadem
634 1656 713 1704 vero
727 1657 824 1710 cruce
837 1636 969 1702 Domini
986 1637 1087 1702 aliam
1098 1634 1345 1722 partiunculam

302 1753 490 1838 recepimus
512 1772 533 1818 a
554 1750 714 1818 defuncto
736 1752 943 1832 Alexandro,
966 1753 1153 1839 presbitero
1176 1750 1343 1838 quondam

301 1868 416 1935 Sancti
430 1869 514 1954 Lupi
535 1866 575 1932 de
599 1867 733 1945 Naudo,
757 1888 856 1953 quam
880 1867 967 1933 idern
982 1868 1150 1955 presbiter
1170 1872 1344 1954 receperat
1481 1914 1488 1924 ·

302 2012 323 2057 a
344 1991 502 2060 defuncto
528 1991 711 2078 Stephano,
729 1993 863 2069 comite,
893 1992 989 2088 cujus
1019 1993 1213 2080 capellanus
1232 1991 1345 2058 fuerat
1458 2057 1461 2065 ,

301 2109 393 2175 ultra
408 2128 522 2188 mare;
541 2115 575 2175 et
595 2109 683 2174 idem
701 2129 812 2175 comes
837 2113 1010 2196 receperat
1026 2131 1046 2176 a
1067 2109 1233 2176 Balduino
1248 2128 1340 2194 rege.

301 2224 400 2288 Anno
429 2224 561 2289 Domini
577 2226 626 2289 Μο
645 2225 685 2290 0⁰
705 2226 784 2290 XX⁰
799 2225 909 2292 dictus
932 2225 1099 2312 presbiter
1123 2222 1249 2292 dictam
1261 2243 1344 2310 par·

302 2339 487 2404 tirunculam
509 2339 595 2405 bone
616 2341 774 2405 memorie
798 2339 942 2406 Alnaldo
969 2340 1083 2408 abbati
1106 2344 1142 2407 et
1161 2339 1344 2407 conventui

302 2453 518 2540 condonavit.

516 2704 559 2751 nn
580 2704 706 2753 ruuucu
730 2704 851 2753 uounu
874 2705 917 2752 nr
939 2704 982 2750 nn
1003 2681 1145 2752 rruuro.

271 2975 273 2978 .
344 2918 531 2984 Secundum
545 2920 746 2996 iohannem,
765 2918 890 2984 milites
905 2937 979 2983 cum
994 2916 1242 2984 crucifixissent
1256 2918 1273 2981 J
1277 2917 1341 2982 he·

252 3053 380 3124 20sum,
401 3038 601 3119 acceperunt
630 3035 833 3116 vestimenta
857 3032 993 3123 ejusvet
1018 3031 1172 3099 fecerunt
1198 3038 1344 3118 quatuor

301 3153 428 3235 partes,
454 3149 538 3214 Erat
565 3154 678 3216 autem
709 3149 826 3214 tunica
854 3148 1067 3214 inconsutilis
1092 3148 1235 3235 desuper
1261 3167 1365 3212 conr

300 3270 398 3332 texta
419 3285 479 3350 per
498 3269 618 3331 totum.
642 3265 808 3330 Dinerunt
828 3283 908 3350 ergo
933 3255 1046 3331 :Nun
1062 3262 1253 3328 scindamus
1268 3282 1341 3327 eam

303 3379 361 3444 sed
381 3381 564 3445 sortiamur
579 3378 619 3444 de
639 3398 679 3443 ea
692 3378 786 3465 cujus
802 3381 859 3445 sit.
879 3379 926 3444 De
947 3378 1063 3445 eadem
1079 3379 1197 3444 tunica
1209 3375 1343 3442 Domini

302 3492 465 3580 quomodo
474 3494 579 3559 Rome
598 3493 700 3560 fuerit
713 3512 773 3581 per
781 3495 941 3579 Pylaturu
956 3494 1146 3580 deportata,
1160 3485 1344 3557 sic'scribi·

301 3615 358 3676 tur
374 3611 408 3672 iu
424 3607 567 3694 quadam
583 3609 738 3693 hystoria
759 3629 824 3694 que
837 3610 1028 3708 continetur
1039 3610 1073 3674 in
1088 3609 1174 3674 libro
1189 3607 1245 3692 qui
1262 3607 1343 3672 Vita

300 3726 413 3813 Aurea
438 3725 643 3790 nominatur.
669 3724 812 3810 Pylatus
836 3723 900 3792 fuit
915 3724 1005 3790 filius
1024 3724 1108 3810 Pyle
1136 3722 1204 3788 filie
1228 3723 1343 3808 cujus·

302 3841 380 3906 dam
405 3839 640 3929 molendinarii
662 3842 717 3926 qui
738 3842 825 3907 Atus
846 3840 1097 3918 nominabatur,
1129 3844 1163 3907 et
1187 3860 1231 3905 ex
1257 3839 1344 3924 Pyla

302 3961 337 4022 et
352 3938 440 4024 Atus
453 3962 592 4024 uocatus
610 3949 676 4023 fuit
691 3958 849 4043 Pylatus.
870 3960 983 4045 Ipsum
1000 3958 1117 4044 genuit
1132 3957 1267 4043 quidam
1283 3975 1345 4021 rex

305 4073 438 4152 nomine
455 4075 574 4160 Tyrus
605 4074 697 4143 Idem
721 4095 782 4140 rex
803 4074 978 4162 quemdam
1001 4075 1104 4140 alium
1126 4072 1232 4147 filium
1258 4072 1343 4157 legi·
