3180 5012
734 544 769 592 IX

278 671 332 738 Au
346 670 390 738 27
402 671 494 759 juin,
510 676 563 738 eet
576 669 668 738 Ordo
680 628 872 737 musabum
891 669 1037 754 proserit
1057 690 1126 736 sux
1140 671 1273 738 moines

235 787 281 854 du
305 794 452 855 couvent
481 788 523 854 de
548 787 782 854 seint-Pierre
808 787 849 853 de
871 787 1025 871 obanter,
1051 806 1139 872 pour
1162 786 1275 854 sainte

234 904 497 988 Theodechilde,
528 905 562 971 11
587 903 756 990 premiere
784 903 948 970 entienne
978 903 1038 970 des
1070 907 1191 989 vepres
1212 903 1273 970 des

237 1027 355 1104 morte,
374 1021 536 1104 Placebo,
554 1025 587 1087 et
601 1017 788 1086 l'antienne
806 1019 852 1086 du
868 1020 1016 1104 premier
1032 1025 1199 1086 nocturne
1213 1021 1274 1088 des

237 1137 383 1202 mstines
415 1136 475 1204 des
506 1142 626 1220 murts,
651 1137 789 1219 Diripc.
820 1136 874 1202 Au
896 1135 1093 1202 lendemsin
1118 1135 1173 1218 28,
1193 1140 1275 1223 jour

234 1253 469 1319 anniversaire
489 1252 531 1319 de
551 1250 796 1319 l’inhumstiou
816 1251 858 1318 de
884 1252 916 1318 ls
938 1251 1060 1335 sainte,
1084 1251 1109 1316 il
1129 1253 1276 1337 proserit

237 1389 358 1438 encore
379 1390 467 1456 pour
491 1371 557 1437 elle
583 1391 652 1437 une
680 1389 792 1438 messe
820 1370 1008 1437 solennelle
1028 1369 1070 1436 de
1088 1370 1272 1456 Requiem,

236 1485 294 1571 qui
318 1484 391 1551 doit
407 1488 478 1552 etre
505 1486 648 1554 charites
664 1506 709 1552 su
726 1484 961 1552 mettre-autel
977 1482 1034 1573 (1).
1054 1484 1109 1549 Au
1126 1484 1277 1569 premier

237 1599 344 1665 ebord
359 1620 404 1666 ou
420 1607 472 1667 est
485 1601 618 1686 surpris
633 1602 674 1668 de
688 1601 762 1669 voir
775 1601 825 1666 les
839 1601 972 1667 moines
987 1600 1137 1666 celebrer
1151 1597 1276 1668 l'office

238 1715 299 1781 des
320 1723 427 1784 murts
451 1736 539 1802 pour
568 1717 821 1785 Theodechilde
844 1737 910 1804 que
931 1737 1001 1786 non
1028 1717 1220 1784 seulement
1245 1717 1277 1784 le

238 1833 392 1901 Libellus
419 1854 526 1919 super
553 1835 716 1925 reliquiis
735 1831 800 1923 (2),
830 1835 918 1901 mais
944 1854 1067 1902 encore
1093 1853 1130 1902 ee
1165 1837 1277 1900 meme

268 2035 350 2102 (1111
367 2041 525 2087 ceremonia!
543 2039 883 2100 deSaint-Pierre-te-Vis,
905 2039 1041 2087 manuscrit
1060 2039 1095 2088 du
1115 2045 1173 2088 1111·
1193 2037 1275 2095 siecle,

239 2130 364 2182 conserve,
382 2140 440 2176 sous
451 2127 474 2175 le
486 2135 514 2176 n⁰
527 2130 566 2188 2³,
588 2127 651 2175 dans
665 2129 690 2176 la
704 2127 875 2188 bibliotheque
889 2127 920 2176 de
932 2129 1002 2188 Sem,
1012 2132 1080 2176 entre
1095 2127 1158 2176 dans
1175 2127 1232 2187 plus
1247 2126 1277 2174 da

238 2219 332 2266 details.
351 2220 420 2268 Voici
439 2219 462 2267 le
482 2233 583 2281 passage
600 2234 648 2281 que
669 2233 733 2269 nous
754 2233 773 2280 y
791 2220 877 2280 lisons,
891 2233 953 2280 page
975 2217 1019 2268 rat
1043 2222 1130 2267 :item
1144 2222 1171 2266 in
1190 2220 1277 2278 cipitia

238 2309 310 2355 Beati
322 2311 399 2368 Petri,
411 2311 483 2356 debet
499 2323 552 2358 ease
568 2313 647 2359 missa
662 2314 731 2358 beate
740 2312 829 2371 Maris,
842 2315 864 2358 et
876 2312 951 2368 prior
962 2312 1032 2357 debet
1048 2311 1155 2356 missam
1170 2310 1278 2356 11111111-

239 2401 325 2445 natem
336 2412 385 2456 pro
399 2401 575 2446 anniversario
588 2403 656 2447 beate
671 2401 823 2460 Thecliildis,
843 2405 867 2446 et
881 2402 953 2447 debet
960 2401 1034 2457 prior
1049 2404 1153 2447 cantare
1164 2399 1279 2456 cipiliam

241 2493 264 2534 et
280 2489 411 2554 incensare
422 2490 449 2536 in
463 2490 591 2538 Laudibus
605 2492 689 2548 majus
701 2492 782 2538 altare
796 2495 820 2536 et
834 2483 991 2550 matutinale,
1006 2494 1103 2549 etpost,
1119 2490 1200 2536 attare
1208 2486 1280 2535 Beati

240 2579 395 2639 Petenciani,
411 2583 435 2626 et
445 2583 511 2637 post,
521 2581 558 2626 ire
572 2581 599 2626 in
615 2582 723 2627 chorum
732 2583 756 2625 ct
764 2579 848 2626 dicere
861 2581 998 2628 orationes.
1010 2581 1043 2625 Et
1059 2581 1130 2626 debet
1138 2590 1192 2626 esse
1200 2579 1278 2634 juve-

240 2666 282 2713 nis
293 2667 320 2712 in
340 2667 419 2726 froco,
437 2669 482 2726 qui
494 2669 607 2715 incensat
622 2669 655 2714 ad
675 2669 783 2724 Laudes,
803 2671 827 2713 et
848 2669 1002 2714 admissam
1022 2670 1160 2714 conuentus
1179 2677 1233 2710 esse
1253 2665 1280 2710 in

240 2755 323 2811 capis.
336 2757 369 2801 Et
381 2757 450 2802 eadit
460 2758 535 2814 prior
552 2769 611 2804 cum
629 2757 756 2803 ministris
770 2761 794 2802 et
810 2769 877 2814 aqua
892 2757 1021 2802 benedicta
1032 2759 1056 2802 et
1066 2767 1140 2802 cruce
1155 2753 1279 2799 111111νί-

242 2845 300 2891 bulo
321 2846 458 2900 procedere
479 2847 511 2891 ad
532 2848 614 2896 locum
632 2846 675 2891 ubi
696 2847 764 2902 jacet
785 2847 856 2891 beata
882 2843 1034 2903 Thechildis,
1056 2844 1163 2890 dicendo
1184 2846 1281 2899 septem

239 2935 362 2989 psalmos.
376 2935 410 2980 Et
423 2941 561 2982 conventus
572 2940 686 2981 remanet
699 2936 726 2980 in
737 2937 814 2982 choro
826 2935 932 2981 dicendo
942 2937 1038 2990 septem
1051 2934 1174 2990 psalmos.
1186 2932 1281 2986 Quibus

242 3022 324 3082 dictis,
339 3023 414 3079 prior
428 3024 490 3070 dicit
505 3038 511 3068 :
530 3026 607 3071 Pater
622 3028 717 3070 noster.
735 3025 790 3078 Qua
802 3025 878 3084 dicta,
892 3024 939 3068 sub
952 3023 1055 3068 silencio
1068 3022 1143 3079 prior
1154 3021 1214 3067 dicit
1228 3035 1235 3066 :
1249 3020 1283 3066 Et

241 3125 274 3157 ne
294 3125 347 3158 nos.
362 3110 383 3166 d
396 3114 418 3158 A
434 3119 511 3170 porta
525 3114 617 3174 inferi;
635 3115 761 3160 Dominus
781 3113 930 3172 vobiscum,·
955 3117 978 3158 et
1000 3117 1068 3174 post,
1092 3112 1236 3170 1111111111,Ι
1259 3114 1284 3157 et

240 3207 306 3261 pest,
317 3203 446 3250 descendit
456 3206 487 3250 de
501 3204 582 3260 capite
596 3208 620 3250 et
631 3208 742 3251 removet
755 3216 854 3263 capam,
865 3207 890 3249 et
911 3203 995 3248 induit
1004 3203 1128 3249 casulam,
1150 3203 1183 3248 Et
1195 3200 1282 3257 incipi·

239 3297 284 3338 tur
296 3295 375 3340 missa
385 3295 553 3354 matutinalis,
566 3300 589 3343 et
601 3296 651 3341 due
661 3299 746 3342 tenent
760 3297 877 3352 chorum,
890 3299 914 3342 et
926 3295 977 3340 duo
994 3299 1098 3341 cantant
1109 3293 1281 3354 responsoria,

243 3386 268 3428 et
281 3387 331 3429 tres
345 3387 449 3430 cantant
465 3387 583 3442 tractum,
597 3388 620 3431 et
637 3385 681 3431 trec
698 3385 785 3430 omnia
801 3385 867 3440 fiunt
880 3385 908 3430 in
924 3384 1004 3440 capis.

273 3471 305 3518 Le
319 3471 403 3532 prieur
417 3473 444 3520 D.
458 3473 559 3532 leugues
572 3473 688 3521 Mathoud
701 3473 770 3521 avait
780 3473 825 3520 1111
841 3473 866 3520 11
876 3473 957 3520 meme
968 3472 1087 3520 reflexion
1104 3483 1152 3530 que
1166 3482 1238 3528 nous,
1252 3482 1284 3518 au

242 3561 318 3610 lisant
332 3576 360 3610 ce
372 3577 475 3624 passage
487 3579 494 3620 3
506 3564 574 3612 aussi
584 3565 659 3612 c-t-il
673 3563 725 3625 pris
736 3564 842 3624 lapsine
854 3564 954 3612 d'tcrire
966 3565 1029 3612 dans
1040 3564 1065 3612 11
1073 3575 1157 3623 margo
1170 3562 1206 3610 du
1215 3561 1284 3609 Gere-

243 3652 336 3700 monial
349 3653 373 3700 la
384 3658 440 3702 note
455 3668 504 3714 que
514 3655 581 3703 voici
593 3672 598 3702 ε

275 3746 347 3791 Istud
364 3747 571 3794 anniversarium
587 3747 615 3794 S.
630 3748 705 3794 Tecti.
722 3760 773 3794 nen
790 3747 869 3804 officit
886 3747 949 3806 quin
962 3751 1050 3793 sancta
1061 3747 1211 3802 ¹putaretur,
1229 3753 1285 3799 que

246 3847 302 3880 uere
322 3837 392 3883 beata
415 3837 455 3883 hic
481 3838 582 3898 elicitur,
604 3839 648 3884 sed
665 3839 812 3897 antiquitati
833 3840 971 3897 studentes,
994 3837 1077 3884 nostri
1094 3835 1285 3892 predecessores

245 3925 309 3971 nihit
319 3925 437 3972 innovari
450 3929 584 3987 volebant,·
600 3929 667 3975 sicut
676 3930 796 3975 monachi
805 3929 887 3988 Becci‚
897 3941 964 3975 anno
978 3928 1048 3984 1610,
1061 3927 1148 3972 eadem
1154 3925 1185 3970 de
1199 3926 1286 3969 sancte

245 4015 367 4062 Anselme
387 4020 549 4076 perapebant.
568 4018 635 4066 Ante
654 4019 702 4065 300
723 4031 813 4078 annos,
832 4022 909 4075 caput
925 4022 1019 4064 sanctes
1043 4013 1171 4061 Techildis
1188 4013 1286 4058 tecnam

244 4109 348 4160 arpento
360 4107 461 4161 publice
473 4109 500 4153 in
512 4108 589 4154 altari
601 4109 641 4156 hic
654 4109 836 4165 deponebatur.

278 4190 310 4253 (2)
324 4193 382 4242 Voir
391 4193 449 4254 plus
463 4194 526 4258 lein,
543 4209 618 4256 peges
629 4197 653 4256 t,
669 4200 691 4254 7,
704 4199 732 4244 11)
745 4201 768 4244 11
782 4198 812 4244 to
829 4195 844 4242 1
861 4194 899 4242 tc.
