3164 5016
654 531 851 598 -121-

477 678 639 745 Draconis
654 677 773 746 inierit
799 728 806 742 .

479 794 562 861 Post
575 793 687 881 pergit
701 790 743 858 ed
757 793 908 869 tertium,

475 911 579 978 Jussn
594 907 688 996 cujus
703 909 831 996 ignium

475 1027 611 1095 Devicto
628 1013 823 1113 perterritu,

477 1207 547 1274 Hec
562 1204 728 1272 decollata
748 1202 823 1272 fuit.

474 1321 538 1389 Sed
553 1318 661 1409 capud
673 1319 840 1408 disparuit

473 1437 517 1502 Et
531 1435 592 1502 hec
602 1439 654 1502 est
669 1434 710 1500 ad
725 1435 860 1522 gaudia.

475 1552 579 1618 Pnece
592 1570 653 1617 nos
669 1550 839 1618 custodiat

474 1669 517 1736 Et
530 1669 617 1734 Deus
630 1687 691 1734 nos
707 1666 810 1734 faciat

474 1783 623 1850 Heredes
640 1784 674 1848 in
694 1783 814 1870 gloria.
836 1783 954 1850 Amen.
1280 1793 1316 1857 10

184 1933 187 1936 ·
277 1910 490 1992 Offertorc‘nrn
504 1919 534 1974 et
550 1913 818 1992 postcommunio
836 1913 924 1975 sicot
938 1910 976 1974 do
998 1907 1198 1992 Virqc'nibnr.
1216 1909 1266 1974 Ac

230 2024 367 2090 Sectam
386 2033 418 2090 ct
436 2023 480 2092 od
506 2023 648 2108 Nonam,
675 2027 880 2109 antiphone,
909 2026 1068 2109 capitulo,
1088 2043 1203 2090 oenone
1234 2034 1266 2089 eo

229 2143 361 2209 collecto
374 2146 414 2207 in
431 2145 605 2208 conrnune·
618 2151 814 2208 sanctornm
825 2143 863 2206 de
882 2142 1080 2225 Viryc'nn'bnc.

274 2259 324 2324 Ad
340 2258 503 2344 vesperas,
529 2259 718 2342 antiphona
736 2267 765 2323 oi
781 2261 905 2342 oecion·
925 2257 964 2323 de
984 2257 1184 2341 Virginibnc.
1200 2255 1264 2323 Co-

225 2377 387 2459 pitnlnm.
402 2373 465 2449 Qui
480 2374 658 2461 gloriatur.
672 2375 705 2450 n.
721 2373 804 2440 Posi
816 2374 922 2461 ignes.
937 2377 967 2451 7.
983 2371 1116 2440 Gaudes
1131 2371 1259 2439 Gloria.

226 2491 393 2576 Hymnno
414 2489 580 2556 Fidelium
604 2488 753 2556 devocio.
770 2483 804 2560 Ῡ.
823 2489 997 2577 Adjutrix.
1027 2493 1055 2567 7.
1081 2489 1187 2554 Jhcsu
1207 2508 1265 2555 co-

227 2625 323 2673 rona.
342 2606 374 2682 i.
402 2604 600 2693 AdjuvabiS.

223 2722 416 2806 Antiphone
432 2722 476 2786 od
495 2726 691 2787 introitum.
715 2719 910 2808 Magnificet
934 2741 1022 2787 nunc
1044 2722 1219 2788 Dominum

267 2845 270 2849 ’
470 2837 677 2926 Temporalis
694 2837 846 2915 ecclesia,

469 2952 532 3028 Qui
553 2956 630 3038 post
655 2971 763 3039 penae
791 2953 1012 3020 certaminum
1272 2955 1312 3016 20
1349 3013 1351 3020 s

471 3069 603 3135 Venere
616 3066 749 3135 confert
762 3066 897 3156 gaudia.

269 3195 433 3262 Pcolmno.
454 3192 663 3280 Magnificat.
686 3193 877 3261 Euouae.

272 3309 422 3378 Collccio.
447 3309 537 3377 Deus
560 3309 618 3395 qui
632 3309 723 3376 inter
741 3313 866 3388 cetero,
882 3314 919 3377 ut
937 3327 1049 3397 snpra.

536 3439 638 3506 Prono
653 3441 692 3505 do
705 3451 825 3508 concio
843 3441 951 3508 Morio

466 3562 577 3630 Maria
590 3568 697 3632 mater
716 3567 841 3653 grecie,

466 3678 578 3745 Mater
593 3680 835 3761 misericordie,

467 3794 669 3863 Relevamen
686 3798 822 3866 miserie

545 3911 746 3980 Gloriosum.
777 3947 779 3952 ·

465 4029 596 4095 Nomen
616 4035 711 4098 tuum
732 4029 829 4097 dulce
844 4033 957 4106 nimie,

463 4143 717 4218 Memorandum
733 4148 834 4215 estin
850 4147 979 4240 primis,
