3164 5016
791 494 1002 582 ...fig-1

356 638 472 705 Vitam
491 638 597 724 ipsius
621 640 656 705 et
670 637 915 708 translationes
940 638 1085 725 scriptas
1100 623 1274 706 habemns.
1295 637 1393 704 Anno

355 754 397 820 ab
417 756 653 822 incarnatione
672 754 800 824 Chri-sti
819 756 868 822 M⁰
887 755 1094 843 nonagesino
1109 755 1235 842 quinto,
1257 749 1392 823 invento
1438 780 1443 788 ·

356 870 492 939 fuerunt
512 872 653 958 reliquie
680 871 720 939 de
745 871 889 958 quodam
915 893 990 938 osse
1016 873 1121 961 ipsius
1147 849 1256 939 sancti
1284 871 1392 958 patris

356 987 464 1060 nostri
485 987 659 1056 Benedicti
679 1008 754 1054 cum
771 988 881 1075 capite
905 988 1014 1056 sancti
1041 987 1210 1076 Gregorii,
1228 990 1263 1054 et
1282 986 1392 1053 adhuc

290 1151 295 1166 .
356 1103 392 1167 in
407 1107 524 1171 nostro
538 1105 747 1172 monasterio
759 1107 1015 1172 conservantur.

599 1353 643 1402 DE
666 1353 812 1403 nnncmo
838 1353 957 1404 sancrl
980 1353 1151 1404 inondant

401 1563 543 1635 Sanctus
566 1566 763 1635 Leonerdus
789 1569 948 1660 asanoto
970 1565 1136 1654 Remigio,
1154 1566 1311 1633 Remensi
1335 1585 1394 1633 ar·

357 1683 535 1771 chiepisco‚
556 1683 760 1771 baptizatus,
792 1681 974 1771 discipulus
1002 1683 1107 1770 ipsius
1128 1680 1206 1750 fuit.
1226 1683 1390 1750 Parentes

355 1820 436 1867 vero
459 1799 629 1867 Leonardi
648 1801 748 1888 primi
763 1800 799 1865 in
813 1799 942 1887 palacio
957 1798 1047 1886 regis
1065 1800 1206 1866 Francia
1222 1797 1394 1866 habeban-

310 1920 423 1986 ltltur.
453 1917 517 1984 Hic
539 1921 671 1985 tantam
687 1917 833 2005 gratiam
861 1937 883 1984 a
909 1935 988 2003 rege
1012 1915 1157 1984 obtinuit
1173 1915 1261 2002 qnod
1276 1933 1391 1983 omnes

355 2010 556 2102 incarcerati
581 2053 663 2121 quos
679 2034 750 2120 ipse
770 2032 931 2101 visitabat
944 2034 1098 2121 protinus
1119 2033 1390 2100 absolvebantur.

354 2150 438 2216 Post
463 2149 526 2216 hec
553 2150 747 2216 Aurelianis
774 2148 984 2216 cumfratre
1014 2169 1074 2216 suo
1098 2154 1215 2218 sancto
1251 2147 1390 2216 Litardo

354 2249 557 2351 predicando
576 2266 724 2332 devenit.
744 2265 870 2330 Deinde
894 2263 1035 2332 fratrem
1052 2285 1148 2331 suum
1168 2265 1337 2351 reliquens
1353 2265 1390 2330 in

353 2381 538 2466 Aquitania
553 2379 752 2467 predicavit.
765 2381 889 2447 Postea
903 2380 1134 2448 heremiticam
1145 2381 1251 2448 vitam
1265 2378 1391 2471 ducens

356 2517 468 2562 seeum
498 2495 622 2563 multos
647 2497 859 2584 aggregavit.
888 2495 986 2562 Circa
1005 2515 1085 2563 vero
1111 2515 1236 2562 annum
1259 2496 1391 2562 Domini

355 2613 682 2699 quingentesimum,
710 2613 815 2680 VIll⁰
836 2611 923 2698 ydus
948 2611 1151 2690 novembris,
1182 2612 1342 2704 migravit
1370 2632 1391 2678 a

270 2717 280 2768 ’·
355 2730 479 2796 secula.
497 2729 543 2795 De
557 2729 697 2797 brachio
714 2729 821 2817 ipsius
841 2727 1003 2815 reliquias
1022 2727 1198 2796 habemus.
1253 2712 1255 2716 ¹

573 2991 748 3042 Nanaarlo
773 2990 817 3040 le¹
839 2989 953 3039 SAORIS
975 2989 1173 3080 vmdulnsus
1194 3041 1198 3050 ,

398 3206 555 3274 Salvator
569 3209 699 3273 'noster
733 3205 888 3273 Christus
919 3204 1043 3274 Jhesus
1071 3225 1195 3274 corona
1221 3206 1390 3294 virginum

305 3325 450 3411 toringo
474 3342 570 3408 quem
599 3323 706 3411 gessit
737 3322 930 3410 peperitque
956 3323 1079 3412 virgo,
1108 3343 1205 3409 quem
1232 3327 1391 3391 secuntur

353 3443 503 3536 virgines
524 3446 624 3526 atque
649 3439 803 3506 laudibus
823 3443 899 3526 post
917 3439 1026 3526 ipsum
1047 3444 1206 3506 canentes
1225 3441 1408 3508 cursitant¹

355 3557 565 3645 hymnosque
586 3555 797 3621 dulcissimos
814 3554 1036 3642 personando
1053 3554 1116 3629 Qui
1139 3553 1269 3623 fructus
1285 3558 1389 3624 trium

356 3675 519 3740 seminum
538 3693 662 3740 corona
682 3672 851 3760 virginum
872 3677 906 3740 et
927 3673 1170 3740 continentium
1191 3674 1393 3761 conjugato·

357 3809 495 3875 rumque
521 3790 697 3877 premium.
725 3789 819 3856 Inter
840 3792 952 3855 cetera
968 3790 1121 3876 potencie
1146 3809 1205 3856 sue
1229 3791 1392 3858 miracula

357 3907 460 3974 etiam
481 3907 515 3970 in
539 3925 621 3972 sexu
647 3903 761 3994 fragili
784 3905 961 3973 victoriam
988 3907 1146 3992 martyrii
1172 3907 1326 3987 contulit,
1354 3911 1393 3975 ut
1428 3983 1430 3987 ⁸

357 4024 521 4090 mirabilis
547 4025 634 4090 Deus
663 4025 700 4089 in
729 4023 856 4090 sanctis
875 4022 946 4088 suis
974 4041 1049 4090 oum
1064 4022 1168 4090 Patre
1191 4027 1227 4091 et
1247 4023 1393 4110 Spiritu-

356 4140 479 4208 Sancto
499 4159 647 4228 regnans
676 4140 711 4206 in
739 4145 892 4209 eternum
921 4143 956 4208 et
983 4138 1077 4209 ultra
1100 4159 1190 4208 nunc
1208 4142 1244 4209 et
1262 4157 1393 4228 semper
