3168 5012
669 551 868 618 -191-

502 746 702 794 snPrnMBnn
731 749 843 796 HABE'I'
866 747 941 795 DIES
963 747 1037 793 XXX

295 903 326 969 l.
344 941 387 952 —
406 903 580 970 Kalendis.
596 906 768 974 -Sancti
783 907 879 993 Lupi.
904 907 977 972 Ista
990 903 1056 981 die,
1084 900 1181 1012 debet
1197 901 1290 986 prior

247 1017 462 1105 Sancti-Lupi
481 1019 523 1084 ad
539 1022 716 1106 pitantiam
732 1041 792 1107 pro
817 1020 904 1088 festo
925 1021 976 1084 sui
1003 1019 1174 1104 prioratus
1190 1019 1290 1082 extra

250 1154 414 1198 summam
430 1153 529 1218 quam
543 1133 642 1201 debet
660 1128 827 1200 cum'aliis
842 1135 1023 1221 prioribus,
1042 1155 1064 1199 v
1078 1154 1105 1198 s.
1125 1151 1199 1218 par.

277 1247 322 1294 Hic
332 1247 423 1294 debent
437 1247 502 1294 solvi
518 1251 542 1295 01
558 1246 709 1308 computari.

291 1336 460 1404 2.-1111
477 1333 621 1404 Non.'-
634 1337 727 1405 Obiit
741 1339 943 1424 Margarita,
964 1337 1035 1402 filia
1051 1333 1204 1411 Guiardi,
1224 1334 1289 1398 mi·

247 1450 332 1524 litis,
350 1451 390 1516 de
404 1452 556 1528 Fosseto,
565 1473 626 1538 pro
635 1473 701 1537 qua
715 1452 817 1519 habet
829 1458 1028 1530 conventus,
1043 1469 1143 1535 super
1155 1453 1288 1534 pratum

248 1563 288 1628 de
301 1563 506 1651 Corceuroy,
524 1566 561 1630 iii
585 1586 614 1632 0.
635 1573 663 1633 t.

278 1678 389 1726 Domuns
403 1678 524 1727 Galnarus
538 1681 568 1727 dc
577 1679 779 1728 villari-Bonoso.

291 1769 322 1833 3.
341 1807 384 1818 —
399 1769 448 1833 Ill
464 1771 601 1835 Non.-
622 1768 714 1836 Obiit
729 1769 813 1846 Odo,
834 1769 1052 1847 senescallus,
1075 1768 1291 1835 Autissiodo-

247 1884 368 1960 rensis,
395 1903 454 1969 pro
471 1903 535 1969 quo
552 1883 655 1950 habet
672 1890 871 1962 conventus,
893 1903 993 1969 super
1008 1885 1142 1950 vineam
1161 1883 1202 1948 de
1224 1881 1290 1948 Co·

245 1997 341 2064 dreto
355 1999 455 2064 sitam
471 1998 561 2064 inter
577 1998 660 2063 duas
677 1999 763 2075 vias,
789 1997 863 2063 lviii
882 2017 909 2062 s.
933 2003 976 2075 1.,
1003 1996 1052 2061 xii
1080 1996 1286 2071 elemosima,

112 2142 114 2147 v
176 2169 178 2173 .
245 2111 295 2174 xii
322 2110 355 2175 d.
378 2111 580 2196 pulsatores,
603 2116 638 2178 et
662 2120 715 2178 est
734 2111 801 2177 ista
820 2111 962 2196 pecunia
980 2130 1041 2196 pro
1064 2108 1288 2176 minutoribus

246 2223 405 2302 fratrum,
432 2231 470 2292 ut
489 2226 524 2289 in
544 2225 669 2292 litteris
683 2225 887 2291 Sunonensis
906 2226 999 2291 curie
1014 2225 1219 2292 continetur.

282 2339 372 2391 Vacat.

280 2427 419 2475 Bernardns
435 2429 465 2476 de
477 2429 578 2490 Gornay
592 2443 625 2477 xx
641 2443 661 2476 0.
676 2434 692 2477 1.
715 2436 722 2462 ⁸

278 2519 381 2578 Jacqnes
392 2519 423 2566 de
436 2517 551 2567 Marullus
564 2534 597 2568 xx
607 2533 628 2570 s.
645 2523 661 2566 t.

279 2608 446 2668 Theobcldus,
462 2611 648 2669 carpentarius,
665 2613 696 2656 de
711 2608 817 2668 Verytru'
834 2609 877 2672 11).

278 2696 426 2744 Guilielmus
441 2696 526 2756 Ogiers
537 2697 621 2748 xiiis.
640 2697 678 2744 iiii
695 2698 721 2749 d.
738 2703 757 2744 t.

278 2785 363 2832 Petrus
375 2784 460 2845 Ogiers
474 2786 531 2833 vis.
544 2787 590 2833 viii
606 2787 632 2836 d.
645 2791 662 2832 t.

280 2874 439 2921 Thecbatdua
449 2878 479 2922 dc
491 2875 627 2922 Sinemuro
637 2879 696 2933 vtp
710 2878 790 2922 viiid.

292 2963 439 3029 4.-11
473 2966 621 3030 Non—
643 2963 735 3031 Obiit
761 2964 845 3042 Odo,
867 2964 983 3042 mileu,
1015 2963 1056 3027 de
1083 2963 1285 3041 Fotontane,

247 3098 307 3165 pro
334 3098 398 3164 quo
420 3078 517 3145 debet
502 3081 639 3164 ptrior
660 3080 773 3147 Sanct'
749 3085 794 3147 t-1
797 3079 969 3165 Aygulphi
986 3079 1208 3144 Pruvinensis
1234 3077 1288 3143 die

246 3193 438 3280 precedenti
459 3194 616 3261 videlicet
632 3193 719 3262 festo
739 3197 848 3278 sancti
875 3194 1059 3281 Aygulphi,
1083 3213 1184 3279 super
1208 3213 1288 3258 cen-

248 3330 321 3374 sum
359 3314 394 3375 et
421 3309 590 3391 justiciam
618 3331 717 3396 quarn
743 3310 867 3377 dicitur
892 3310 1017 3376 habere
1046 3311 1139 3396 prior
1169 3328 1288 3376 versus
1330 3389 1337 3403 ι

247 3422 371 3490 Cortou
384 3421 441 3512 (2),
465 3426 515 3489 iiii
532 3446 559 3490 s.
577 3430 603 3492 t.

198 3561 202 3572 ·
277 3537 345 3585 Prior
354 3539 591 3600 Sancti-Aygnlphi.

290 3626 322 3691 5.
348 3665 392 3674 -
411 3629 531 3695 Nonis.
554 3666 598 3693 ,-
620 3627 713 3694 Obiit
741 3629 916 3714 Hylarius,
941 3630 1124 3695 canonicus
1153 3629 1289 3694 Sancti-

246 3741 417 3827 Stephani‚
433 3764 494 3830 pro
512 3765 576 3830 quo
590 3743 693 3811 habet
705 3751 907 3824 conventus
925 3749 1169 3830 superterram
1187 3745 1288 3810 sitam

280 3973 315 4036 (i)
331 3975 457 4036 Varragini
473 3973 518 4038 (110
536 3976 581 4039 bt).

277 4061 302 4124 (2
303 4061 312 4124 )
326 4064 418 4111 Gortou
429 4069 465 4112 est
484 4079 519 4113 un
532 4071 583 4114 mot
600 4067 695 4128 abrege,
715 4067 733 4113 il
744 4066 851 4114 faudrait
865 4067 981 4114 cherchar
998 4067 1060 4114 dans
1077 4065 1112 4111 les
1127 4063 1246 4111 0111110110
1260 4063 1290 4110 da

249 4151 363 4200 Provins
