3164 5016
747 524 981 600 -64-,1

317 660 461 728 abbatis.
494 661 619 728 Postea
647 660 789 726 domnus
822 661 1005 728 Gaufridus
1034 660 1136 727 abbas
1170 660 1355 746 predictum

282 799 287 807 ·
317 782 469 843 sanctum
490 797 610 864 corpus
624 779 660 842 in
676 797 811 864 capsam
827 782 1022 865 argenteam
1048 779 1198 864 reposuit
1218 798 1356 845 conser-

314 892 472 963 rendam.

670 1147 715 1194 DE
738 1146 863 1194 INFULA
888 1146 995 1194 IPSIUS

297 1434 299 1438 ¹
361 1355 473 1422 Insula
493 1357 714 1454 sacerdotalis
735 1356 777 1423 de
794 1360 914 1436 serico,
937 1379 1011 1424 cum
1031 1378 1096 1445 qua
1116 1359 1266 1446 sepultus
1288 1359 1353 1427 fuit

113 1475 117 1485 “
205 1501 219 1510 κ
318 1476 455 1540 sanctus
473 1471 577 1552 Ebbo‚
596 1473 728 1558 quando
744 1480 863 1560 corpus
881 1474 1066 1541 relevatum
1092 1473 1157 1541 fuit
1174 1472 1244 1540 fere
1264 1476 1356 1542 inte-

316 1609 379 1675 gra
403 1589 542 1655 inventa
569 1592 634 1679 est,
663 1609 725 1674 que
754 1589 864 1655 adhuc
883 1589 1041 1655 decenter
1064 1578 1231 1667 servatur,
1260 1591 1354 1657 etin

316 1702 558 1772 festivitatibus
581 1705 687 1791 ipsius
706 1706 814 1795 sancti
838 1706 941 1771 missa
966 1704 1008 1771 ad
1032 1704 1265 1791 majusaltare
1280 1725 1354 1771 cum

316 1819 431 1886 eadem
450 1818 557 1886 infula
577 1820 777 1890 celebratur.

271 2055 307 2119 10
339 2070 383 2119 DE
403 2071 556 2120 CORPORE
575 2069 693 2120 aarum
708 2073 839 2132 LEONIS,
861 2073 1063 2150 SENONENSIS
1078 2073 1333 2122 Anculntnscom

361 2285 505 2352 Sanctus
526 2286 595 2350 Leo
622 2283 796 2350 confessor
820 2285 964 2362 Domini,
992 2283 1195 2350 Senonensis
1217 2282 1357 2350 ecclesie

315 2399 494 2466 laudabilis
507 2399 662 2474 antistes,
678 2399 862 2466 virtutibus
879 2403 1031 2476 ornatus,
1049 2399 1082 2464 X
1097 2398 1260 2465 kalendas
1276 2400 1357 2464 maii

315 2518 434 2581 sancto
457 2513 523 2579 fine
543 2513 689 2598 quieuit;
709 2513 804 2600 cujus
821 2533 941 2599 corpus
961 2513 1128 2599 sepultum
1155 2512 1219 2581 luit
1242 2515 1277 2579 in
1299 2534 1357 2580 ec-

315 2617 418 2695 clesia
444 2649 548 2718 prope
573 2619 707 2714 portam
734 2608 896 2705 ciuitatis,
912 2649 1012 2715 quam
1041 2629 1160 2697 beatus
1181 2629 1357 2695 Ursicinus
1443 2699 1446 2707 ,

315 2745 529 2831 dedicaverat
545 2746 580 2811 in
601 2746 728 2812 honore
745 2747 938 2811 sanctorum
954 2749 1143 2831 martyrum
1155 2744 1309 2812 Gervasii
1322 2749 1357 2812 et

316 2861 501 2940 Prothasii,
525 2881 588 2947 que
604 2861 815 2949 postmodum
836 2881 857 2928 a
876 2861 1019 2949 paganis
1035 2861 1209 2929 destructa
1225 2860 1301 2939 suit,
1318 2881 1357 2927 ac

305 2980 392 3063 post
412 2976 476 3043 hoc
493 2981 665 3064 reparata,
681 2976 721 3042 ob
739 2977 862 3043 merita
874 2981 909 3042 et
928 2977 1091 3042 miracula
1107 2977 1216 3044 sancti
1234 2976 1357 3042 Leonis

316 3091 421 3177 ipsius
445 3093 580 3157 nomine
603 3093 807 3159 nominatur.
837 3092 961 3158 Postea
985 3111 1066 3158 uero
1086 3089 1227 3157 domnus
1247 3092 1357 3158 Anse-

316 3208 423 3293 gisus„
453 3205 633 3272 laudabilis
662 3207 865 3273 Senonensis
896 3207 1178 3292 archiepiscopus,
1213 3203 1357 3292 predicti

268 3335 306 3398 20
317 3323 427 3416 sancti
441 3322 564 3388 Leonis
579 3341 700 3408 cerpus
721 3321 899 3389 transtulit
916 3322 951 3386 in
977 3321 1219 3387 monasterium
1242 3320 1357 3388 Sancti

316 3436 412 3504 Petri
421 3436 511 3520 vivi,
532 3457 571 3502 ac
585 3437 716 3502 demum
732 3435 875 3504 domnus
891 3435 1074 3502 Gaufridns
1088 3433 1193 3502 abbas
1206 3434 1355 3521 pruden-

315 3551 468 3618 tissimus
490 3571 559 3640 pro
576 3529 727 3639 predicto
747 3556 865 3620 sancto
893 3549 975 3619 fecit
999 3570 1134 3638 capsam
1158 3553 1354 3638 argenteam

316 3665 488 3736 fabricari.
985 3665 993 3674 “

317 3915 360 3964 DE
383 3917 535 3994 CORPpRE
559 3917 678 3966 sancrl
696 3918 856 3977 URSIOINI,
874 3917 1078 3968 SENONENSIS
1100 3917 1355 3968 AROHlEPISCOPI

318 4175 321 4180 -
362 4135 487 4203 Beatus
520 4132 697 4200 Ursicinus
730 4135 807 4219 post
840 4133 973 4204 beatum
999 4130 1217 4202 savinianum
1248 4151 1356 4198 nonus
