3168 5012
655 567 907 678 sice·

322 709 362 774 In
381 706 435 773 die
455 706 706 776 Purificationis
734 707 833 784 beate
859 707 979 784 Mania,
1007 705 1109 773 habet
1134 709 1319 773 conventus

278 822 365 911 apud
382 822 613 910 Saligniacum
631 822 668 887 xl
685 842 713 887 s.
733 826 761 890 t.

309 938 365 986 Milo
379 937 410 985 de
423 936 541 986 viciniis.
1258 993 1261 997 ,

321 1028 389 1093 Pro
405 1027 639 1094 anniversario
656 1025 773 1091 relicte
789 1025 934 1104 Morelli,
951 1023 1157 1102 tannatoris,
1176 1023 1199 1088 ii
1215 1043 1243 1089 s.
1260 1044 1293 1110 p.

307 1142 507 1200 (iurataesancti
522 1141 662 1190 saviniani.

320 1231 636 1328 ‚Pro.ann{vetsanio
651 1230 819 1318 Arnnlphi
834 1229 986 1318 Saugier,
1006 1234 1041 1300 et
1053 1227 1265 1315 uxoriscjns,
1282 1228 1316 1300 vi
1414 1281 1416 1286 -

281 1351 394 1421 ntur.
456 1410 458 1414 ,
499 1410 514 1418 ,,
615 1388 617 1393 -

310 1432 503 1535 ΤίιΪΒμτυςυὴάἰ.
601 1431 605 1438 ⁴

323 1535 392 1619 Plo
413 1535 647 1618 anniversario
667 1547 805 1616 Goberti
821 1551 856 1615 ot
869 1539 1011 1614 Adeline
1033 1546 1074 1612 de
1095 1547 1275 1623 Anxonno,
1292 1566 1316 1612 x

281 1688 309 1734 s.
325 1672 351 1735 t.

312 1780 431 1832 silvester.
442 1780 471 1827 de
483 1782 617 1828 Anxonno.

310 1985 416 2033 Felieius
430 1986 459 2032 de
474 1985 587 2032 senonis.

323 2075 392 2141 Pro
416 2074 650 2164 anniversario
663 2072 846 2150 Boatricis,
864 2070 982 2136 relicte
996 2067 1151 2135 Gaafridi
1167 2065 1258 2146 Rufi,
1284 2089 1316 2134 v.

271 2208 309 2260 .S.
325 2209 399 2276 par.

311 2301 417 2349 lacobus
431 2300 531 2348 Gucrris
540 2298 585 2362 (ί).

304 2392 392 2457 -Pro
405 2390 639 2456 anniversario
655 2387 837 2454 Theobaldi
853 2387 871 2452 J
876 2386 972 2452 abins
987 2406 1034 2452 xx
1049 2407 1076 2452 a.
1094 2407 1169 2474 par.

311 2505 448 2553 Bertaudus
461 2504 563 2552 Jardinc
576 2504 639 2551 xviii
659 2517 680 2550 e.
700 2509 790 2563 par.—
806 2504 851 2551 Th.
869 2503 899 2549 de
914 2501 1045 2548 sinemuro
1065 2501 1084 2548 ii
1101 2514 1121 2548 e.
1139 2515 1191 2560 par.

309 2594 389 2659 -Pno
399 2594 632 2660 anniversario
643 2593 839 2670 petronille,
851 2591 967 2658 uxoris
977 2590 1049 2656 Ado
1059 2591 1147 2673 Piat,
1161 2591 1185 2654 ii
1203 2611 1229 2655 a.
1243 2609 1317 2677 par.

311 2709 389 2756 Adam
403 2706 498 2758 Piac-
509 2709 621 2754 Heredes
638 2710 693 2754 Adc
705 2708 771 2754 Piet.

325 2799 408 2862 Item
426 2817 490 2880 pro
509 2803 582 2880 ipso
602 2799 719 2878 Adam,
743 2801 772 2860 c·
790 2817 817 2860 s.
842 2817 876 2879 p.

319 2912 467 2979 'Summo
481 2917 534 2978 coi
548 2932 576 2978 a.
590 2915 635 2976 iii
647 2914 681 2979 d.

556 3227 703 3275 MARCIUS
724 3226 836 3274 Henna·
860 3227 934 3273 DIES
957 3227 1043 3273 XXXI
1113 3261 1115 3267 ,

220 3423 221 3426 ¹
326 3391 417 3456 1.·-
431 3387 606 3454 Kalendis.
621 3423 664 3438 -
687 3387 800 3453 Albini
823 3389 981 3474 episcopi.
1007 3386 1098 3453 Obiit
1119 3387 1313 3466 Galnenins,

280 3503 464 3570 monachus
478 3509 513 3570 et
526 3504 720 3582 celerarius,
735 3522 871 3591 proquo
885 3502 988 3568 habet
997 3507 1194 3581 conventus,
1214 3524 1315 3590 super

281 3617 414 3685 domum
436 3639 498 3705 que
512 3616 577 3683 fuit
596 3617 757 3704 Stephani
774 3618 856 3684 dicti
867 3616 1056 3696 Belemere,
1073 3638 1096 3682 x
1112 3638 1140 3683 s,
1154 3638 1202 3702 p.,
1219 3619 1268 3683 xii
1284 3619 1316 3684 d.

281 3734 476 3811 elemosina,
498 3738 532 3800 et
550 3734 598 3798 xii
622 3733 824 3820 pulsatoreS‚
842 3731 1030 3799 reddendos
1043 3733 1078 3795 in
1097 3730 1184 3798 festo
1203 3733 1319 3800 Sancti

281 3849 423 3928 Mathie,
441 3854 478 3914 ut
496 3850 530 3913 in
546 3848 672 3915 litteris
688 3849 779 3914 curie
794 3848 997 3914 Senonensis
1010 3848 1214 3914 continetur.

312 3964 444 4012 Matherins
459 3963 638 4024 lausaim.-
645 3965 770 4010 Dominus
786 3964 878 4023 Libeia,
894 3974 1071 4019 campanus.—
1088 3963 1221 4026 (liceretne,
1233 3966 1316 4012 dictus

283 4053 302 4098 li
316 4053 434 4110 Ferpierc
446 4056 477 4099 de
492 4054 585 4110 Manna
597 4054 662 4099 Rue.

312 4192 348 4256 (1)
363 4195 394 4241 Lo
407 4205 445 4242 ms
461 4197 489 4242 56
502 4194 582 4254 ajoute
596 4195 646 4243 ici:
663 4197 791 4244 lohannes
805 4198 835 4243 de
847 4198 988 4246 Memento.
