3164 5016
688 521 732 538 ..
754 489 798 555 79
821 521 865 538 ...

259 685 261 688 -
305 631 518 710 Amenanus.
541 631 605 697 Hic
619 629 704 697 obiit
724 633 758 698 et
773 629 923 717 sepultus
939 628 1004 697 fuit
1014 629 1115 717 juxta
1130 629 1300 718 predeces-
1349 637 1353 644 '

262 767 367 814 sores.
1139 723 1141 728 ⁵

305 865 533 932 Dicunniuus.
556 864 717 951 Tempore
744 864 864 950 ipsius,
898 862 978 929 urbs
1012 863 1175 930 Senonica
1201 869 1299 951 capta

263 983 337 1052 fuit

303 1101 583 1168 Antunnacum.
609 1100 713 1168 Juxta
728 1099 983 1188 predecessores
1005 1099 1154 1188 sepultus
1170 1097 1247 1166 fuit.

304 1216 499 1284 Ouannrus.
521 1217 684 1304 Tempore
701 1217 813 1296 istius,
836 1236 951 1282 mense
976 1216 1081 1294 Maio,
1107 1216 1193 1302 pluit
1218 1233 1299 1282 san-

261 1333 348 1420 guis,
483 1384 485 1390 .

304 1451 530 1518 Nornanuus.
558 1450 626 1516 Hic.
651 1448 790 1518 tenebat
813 1449 938 1519 Sancti,
952 1448 1047 1515 Petri
1066 1447 1157 1530 vivi,
1183 1446 1297 1513 Sancti

261 1565 415 1653 Remigii,
435 1565 549 1634 Sancti
565 1565 690 1633 Eraclii
705 1569 740 1633 et
751 1565 866 1633 Sancti
882 1565 975 1631 Petri
992 1563 1221 1631 Ferrariensis
1237 1561 1298 1628 ab·

184 1671 185 1674 '
259 1679 385 1749 bacina.
411 1683 475 1758 Qui
494 1681 643 1750 vendens
657 1682 887 1769 possessiones
910 1684 946 1747 et
960 1679 1117 1747 ecclesias
1135 1684 1171 1746 et
1197 1698 1346 1766 orna-10

258 1803 373 1865 menta
402 1797 598 1886 parentibus
617 1797 815 1876 distribuit,
847 1801 882 1865 et
925 1799 1042 1883 postea
1076 1797 1298 1864 Nivernensis

259 1915 433 2001 episcopus
470 1912 607 1981 effectus
645 1918 709 1981 est.
745 1912 894 1979 dbbacia
919 1911 1038 1979 Sancti
1056 1912 1150 1980 Petri
1162 1912 1297 1990 Vivi,a

258 2033 407 2118 tompore
431 2031 490 2097 illo
516 2029 684 2116 usquead
705 2028 1090 2116 tempusdomniSevini
1116 2027 1297 2114 archiepis·

258 2147 344 2232 copi,
362 2147 435 2212 sina
458 2146 579 2213 abbate
605 2145 782 2226 remansit,
803 2149 837 2213 et
858 2145 1026 2226 monachi,
1055 2144 1096 2212 ob
1120 2144 1294 2231 penuriam
1342 2175 1344 2179 ·
1369 2233 1372 2240 Ι

257 2261 369 2342 divisi,
389 2267 612 2351 vagarerunt.
1252 2249 1255 2252 ’
1318 2255 1320 2259 ’

302 2379 516 2447 Romaanus
555 2379 626 2446 Iste
651 2397 754 2466 nepos
778 2377 843 2445 fuit
876 2377 990 2445 domni
1018 2377 1131 2445 Sevini
1163 2376 1295 2442 archic-

256 2495 395 2582 piscopi.
419 2496 640 2568 Restauravit
658 2495 901 2563 monasterium
923 2498 958 2562 et
980 2495 1165 2562 claustrum
1181 2493 1296 2560 Sancti

256 2611 361 2696 Petri,
389 2612 570 2678 monachos
596 2613 781 2691 reuocauit,
806 2617 918 2679 terras
941 2614 976 2678 et
1000 2609 1117 2698 predia
1138 2608 1292 2676 redemit.

250 2726 405 2793 Consilio
421 2727 505 2794 dicti
523 2729 779 2816 archiepiscopi,
794 2746 916 2814 corpus
933 2726 1024 2794 beati
1041 2725 1187 2794 Ebbonis
1201 2725 1296 2792 leva-

258 2844 321 2910 vit.
343 2844 413 2912 Iste
435 2845 639 2912 constitutus
664 2843 729 2912 suit
752 2865 826 2910 esse
853 2844 981 2930 primus
1006 2846 1082 2929 post
1105 2843 1293 2929 episcopum
1304 2863 1343 2927 20

257 2963 337 3026 ante
353 2979 469 3026 omnes
489 2960 574 3026 alios
591 2959 741 3041 abbatas,
761 2965 795 3028 et
815 2979 1025 3049 successores
1041 2959 1093 3024 sui
1111 2961 1188 3045 post
1203 2978 1300 3052 eum.¹

267 3096 269 3100 ·
301 3077 395 3144 Inoo·
417 3075 564 3152 ¹Quidam
587 3081 711 3144 uocant
737 3076 843 3154 istum,
862 3076 1038 3163 Hugonem
1060 3073 1214 3141 abbatem
1235 3073 1292 3141 sed

256 3193 331 3279 plus
357 3193 517 3260 scribitur
544 3194 627 3282 Ingo
654 3215 752 3281 quam
780 3196 892 3282 Hugo.
926 3193 1202 3280 consanguineus
1227 3191 1292 3260 fuit

256 3311 359 3398 regis.
379 3309 492 3377 Abbas
511 3308 576 3378 fuit
600 3307 715 3378 Sancti
741 3311 882 3380 Martini
897 3309 1099 3377 Mathiensis
1123 3311 1158 3375 et
1177 3308 1292 3375 Sancti

208 3498 210 3504 ¹
256 3424 415 3491 Germani
442 3426 658 3494 Parisiensis.
684 3428 964 3515 Temporeistius
985 3427 1135 3515 ingonis,
1156 3431 1292 3495 sanctus

208 3575 211 3582 ,
256 3541 492 3624 Theodericus,
508 3546 681 3634 episcopus
696 3546 962 3625 Aurelianensis,
993 3547 1050 3632 qui
1074 3549 1152 3612 ante
1174 3565 1293 3612 mona-

251 3657 338 3724 chus
362 3657 474 3728 fuerat
495 3659 610 3730 Sancti
635 3663 730 3730 Petri
752 3663 842 3742 Vivi,
872 3667 906 3731 et
924 3683 1027 3750 nepos
1051 3661 1214 3728 Rainardi
1238 3661 1293 3728 ab·

254 3771 356 3855 batis,
383 3775 465 3844 obiit
477 3778 661 3865 virtutibus
672 3779 805 3865 plenus,
830 3778 908 3845 dum
928 3779 995 3846 iret
1016 3779 1169 3857 Romam,
1186 3781 1221 3844 et
1237 3798 1292 3844 se-

254 3888 368 3973 pultus
381 3889 446 3958 fuit
465 3893 500 3957 in
515 3893 655 3961 abbacia
674 3894 790 3962 Sancti
806 3894 983 3960 Michaelis
1010 3893 1288 3960 Tornadorensis.

246 3996 349 4110 ‘Obiit'
368 4005 481 4093 itaque
509 4008 650 4076 domnus
675 4011 759 4099 Ingo
785 4031 872 4077 anno
902 4011 1035 4077 Domini
1060 4010 1112 4075 Mr
1131 4010 1290 4078 vicesimo

244 4121 382 4207 'quinto
409 4123 474 4190 Suo
496 4126 645 4213 namque
670 4133 838 4217 tempore,
858 4125 1061 4206 Ludovicus,
1080 4126 1290 4202 'comesAle-
