3168 5012
682 556 923 622 --163-Ι

259 699 299 764 de
319 698 522 786 Saligniacn
541 697 625 764 xviii
647 718 675 764 s,
701 698 792 784 par.‚'
805 682 850 764 'ei
874 697 922 764 xii
939 695 1134 773 elemosina,
1154 700 1188 761 ei
1204 696 1252 760 xii
1268 695 1300 761 d.

260 815 462 900 pulsatores.

293 925 428 973 Berieudus
440 925 540 973 Jerdine
551 925 613 972 xviii
631 937 652 971 s.
670 937 721 984 per.
735 928 758 971 ei
771 923 927 973 Theobaldus
939 924 969 973 de
981 925 1111 973 sinemuro
1120 924 1163 988 (i).

304 1015 407 1080 23.-
429 1015 493 1080 VII
513 1014 591 1080 Kal.
610 1049 653 1064 -
676 1013 737 1081 Ob.

305 1133 408 1194 24.-
425 1130 471 1195 VI
485 1130 564 1195 Kal.
575 1168 619 1179 -
633 1130 778 1197 Maiihie
793 1130 971 1217 apposioli.
997 1129 1088 1197 Obiit
1104 1131 1303 1210 Petronilla,

168 1234 171 1239 ’
262 1265 348 1310 uxor
358 1246 429 1311 Ade
438 1246 468 1310 le
478 1247 567 1329 Piai,
579 1266 639 1332 pne
651 1266 717 1332 qua
727 1244 831 1336 habet
846 1248 1042 1321 convenius,
1055 1245 1303 1331 inpertecram,

266 1361 366 1426 sitam
387 1380 430 1425 au
448 1380 487 1425 ru
507 1361 603 1426 Belin
617 1360 719 1446 juxta
737 1360 907 1426 sanceium
921 1360 1118 1447 Popineum‚
1137 1361 1161 1426 ii
1181 1381 1207 1426 s.
1231 1379 1304 1448 pan.

307 1476 390 1542 Inna
402 1496 466 1559 pro
483 1481 556 1559 ipso
571 1477 689 1552 Adam,
705 1479 735 1540 ii
749 1496 776 1539 s.
794 1495 861 1558 par
878 1495 980 1559 snper
997 1477 1150 1542 eamden
1162 1485 1301 1542 teneam.

292 1593 376 1638 Adam
392 1593 532 1649 Lenien-
556 1593 667 1638 Heredes
694 1593 749 1637 Ade
776 1593 840 1638 Piae.
859 1617 885 1626 —
901 1593 997 1638 Relicta
1012 1593 1142 1652 AdePiat,
1168 1593 1186 1638 ii
1207 1605 1229 1640 e.
1244 1605 1303 1649 pen

263 1680 391 1727 Heremiie
403 1681 422 1726 ii
431 1693 451 1728 a.
469 1693 527 1738 per.

306 1769 410 1836 25.-
430 1768 550 1834 VKal.
571 1805 614 1816 -
633 1768 693 1835 Ob.

307 1883 411 1951 26.-
429 1883 500 1948 IIII
516 1875 595 1948 Kal.
615 1919 659 1955 ,-
677 1883 738 1949 Ob.

306 1998 483 2065 27.-111
510 1999 587 2064 Kal.
612 2033 657 2048 -
684 1997 742 2064 Ob.
807 2001 810 2006 '
1299 2047 1302 2052 .
1366 2058 1375 2063 ,

266 2129 269 2134 ·
308 2114 412 2179 28.-
433 2113 467 2180 ΙΙ
486 2113 561 2179 Kal.
578 2150 621 2160 —
641 2112 740 2180 ‘Obiit
766 2113 930 2199 magister
954 2113 1167 2180 Theobaldus
1199 2113 1309 2182 dictus

266 2229 396 2305 Beloce,
407 2228 665 2294 archidiaconus
673 2228 892 2314 Stampensis
902 2247 963 2314 pro
977 2248 1042 2315 quo
1056 2227 1159 2295 hebet
1170 2216 1311 2296 cenven-

264 2349 333 2421 tus,
358 2343 445 2429 apud
462 2343 884 2428 Maleynm-Vieecamiiis,
914 2363 1015 2430 super
1040 2344 1176 2410 domum
1201 2348 1308 2410 eior-

267 2461 339 2523 inm
353 2456 504 2524 defuncti
515 2454 623 2538 Petri,
639 2457 771 2537 olearii,
788 2459 837 2524 xii
852 2479 880 2524 s.
895 2464 937 2538 i,
956 2464 989 2524 et
1004 2459 1188 2526 elemosina
1202 2461 1235 2526 vi
1252 2458 1285 2525 d.

132 2645 138 2659 .
204 2643 206 2647 ι
298 2582 367 2630 Istud
384 2583 584 2630 anniversarium
600 2585 757 2642 computatur
773 2583 800 2630 in
815 2584 943 2646 ianuario,
953 2585 1012 2644 qnia
1029 2587 1089 2632 tunc
1103 2597 1147 2645 pro
1164 2585 1211 2632 isio
1227 2588 1250 2631 ei
1266 2597 1310 2646 pro

268 2670 383 2718 defuncto
399 2671 512 2718 iohanne
535 2671 565 2718 de
582 2670 697 2720 Grecieeo
718 2672 838 2719 debentur
854 2673 908 2719 xxii
926 2685 946 2719 s.
969 2677 986 2719 t.
1005 2662 1032 2720 in
1056 2672 1095 2719 die
1112 2672 1239 2720 dominice
1256 2677 1310 2733 post

266 2759 444 2819 Epiphaniam.

314 2849 398 2914 ocni
412 2853 574 2932 manicias
591 2851 758 2915 Ticericns
771 2852 811 2914 de
834 2851 993 2928 Vassiaco,
1009 2854 1113 2933 nisiae,
1133 2871 1195 2935 pra
1213 2852 1322 2934 cajas.

270 2970 505 3032 anniversario
533 2967 698 3048 faciendo,
732 2967 822 3032 debei
842 2967 938 3032 abbas
960 2972 1146 3034 annuatim
1165 2987 1313 3034 concen-

271 3085 323 3145 ini
336 3081 389 3146 die
404 3085 649 3159 anniversarii,
671 3083 901 3165 qnadsraaenta
925 3085 986 3148 eol.
1010 3093 1076 3149 ine.
1100 3104 1203 3168 saper
1218 3087 1313 3151 here·

270 3200 409 3264 dicatam
423 3197 577 3280 dafnncii
587 3199 759 3300 'carnaea
773 3187 812 3265 de
831 3199 983 3266 Gorneie.

314 3387 378 3434 Hac
391 3387 479 3436 SUNT
491 3386 553 3435 SUB
565 3387 792 3445 BREVILOQUIO
803 3388 869 3445 Qua
881 3389 918 3436 IN
930 3388 1120 3436 FEBROARIO
1129 3389 1312 3438 DEBENTUR
1361 3426 1363 3431 ,

268 3502 290 3556 Α
320 3502 546 3550 sncULeRIBUS
576 3502 719 3551 TANTUM
749 3504 793 3550 ET
832 3473 956 3579 canam
985 3504 1043 3561 QUI
1074 3505 1209 3553 DEBBNT
1243 3505 1312 3554 NON
1352 3522 1354 3528 ·
1456 3539 1459 3549 i

270 3617 525 3666 OOMPUTANTUR
548 3618 623 3666 ISTO
648 3619 771 3686 MENSE.

315 3769 381 3835 Pro
395 3771 629 3856 anniversario
647 3771 801 3858 Hngonis
816 3770 1060 3861 archiepiscopi
1074 3774 1109 3837 ei
1124 3769 1308 3848 Guillelmi,

277 3885 494 3972 episeopinl
518 3906 546 3951 s,
564 3891 592 3953 t.

307 3999 415 4047 Ecclesia
431 3999 462 4048 de
477 3999 582 4078 Niliaca.

306 4181 341 4246 (i)
357 4185 389 4232 Le
401 4197 440 4265 nne
454 4188 481 4236 56
494 4187 575 4245 aJ'ouie
588 4188 636 4235 ici:
655 4191 797 4248 Conventus
811 4196 885 4241 tenet.
934 4257 940 4267 .
