3180 5012
673 445 675 450 ’
764 487 944 554 -ao-

340 622 505 708 posthoc
531 623 647 692 multis
677 625 883 713 temporibus
918 629 990 714 jam
1020 629 1205 695 transactis
1238 627 1381 696 domnus

340 738 572 818 Leothericus,
589 739 793 807 Senonensis
807 741 1091 829 archiepiscopus,
1106 748 1140 810 et
1157 742 1299 809 domnus
1313 743 1384 809 Re·

340 853 495 942 gualdus,
510 853 626 932 abbas,
641 858 762 922 octavo
780 855 945 922 kalendas
961 857 1160 945 septembris
1172 857 1288 924 eadem
1304 877 1382 924 cor-

339 989 423 1057 pora
437 970 646 1036 levaverunt.
664 969 737 1044 Qua
748 970 917 1037 levatione
931 971 1168 1058 quamplurimi
1194 991 1254 1059 per
1281 991 1382 1037 sanc-

339 1087 455 1152 torum·
467 1083 630 1172 suffragia
642 1084 784 1171 adipisci
799 1090 996 1154 meruerunt
1015 1087 1164 1154 remedia
1179 1087 1376 1154 sanitatum.

339 1200 440 1284 Nam,
456 1204 495 1269 ut
510 1201 546 1266 in
557 1199 667 1286 prima
683 1201 922 1282 translatione,
941 1202 976 1268 in
990 1206 1064 1272 toto
1079 1201 1380 1294 monasterioodor

310 1297 311 1300 ¹
339 1314 560 1381 suavissimus
579 1313 813 1400 permanebat.

381 1409 505 1498 Eodem
523 1434 686 1517 temporo,
709 1432 954 1518 oocusqnidam
968 1433 1190 1502 deFontanis
1214 1435 1249 1499 in
1277 1433 1381 1500 Was··

338 1543 410 1611 tino
431 1545 540 1632 primo
556 1543 598 1611 ad
618 1548 811 1612 sauctorum
834 1549 958 1615 merita
979 1549 1083 1633 venit,
1104 1547 1162 1615 sed
1178 1547 1284 1614 nichil
1299 1546 1377 1613 inde

292 1660 526 1755 ppporcipiaus
551 1659 667 1728 rediit·
691 1661 732 1727 In
753 1661 901 1747 sompnis
926 1681 1007 1730 vero
1031 1664 1238 1732 revelatione
1262 1662 1377 1730 divina

321 1777 487 1845 monitus
505 1775 548 1852 ad
567 1776 682 1845 Sancti
699 1778 794 1845 Petri
817 1779 1060 1850 monasterium
1091 1781 1218 1848 iterum·
1235 1780 1375 1847 veniens

339 1893 511 1960 oculorum
523 1872 650 1980 recepit
666 1893 856 1961 omnimode
869 1894 1075 1962 claritatem.-

383 2008 423 2074 In
445 2007 639 2095 supradicta
659 2013 853 2079 sanctorum
878 2009 1047 2077 levatione
1070 2011 1106 2074 in
1130 2009 1259 2097 liquore
1278 2030 1380 2077 mun-

338 2119 477 2188 dissimo
505 2143 584 2189 ossa
609 2127 803 2191 sanctorum
828 2123 899 2192 lota
924 2122 1062 2192 fuerunt
1082 2123 1123 2190 do
1147 2145 1212 2209 quo
1232 2124 1377 2192 infirmis

337 2238 429 2324 potio
445 2237 600 2322 dabatur,
621 2259 687 2324 qua
709 2243 868 2327 percepta
884 2239 1120 2310 infirmitatum
1138 2261 1274 2309 suarum
1293 2263 1378 2309 con·

337 2351 435 2419 tinuo
443 2352 673 2441 percipiebant
685 2355 900 2442 integraliter
921 2357 1114 2424 sanitatem.

369 2470 431 2534 ·Do
447 2467 594 2555 quodam
604 2469 670 2536 alio
685 2469 815 2554 liquore
826 2471 887 2557 ‚qui
901 2491 923 2538 a
937 2491 1038 2558 capso
1053 2476 1216 2560 argentea
1230 2477 1265 2541 ot
1275 2493 1379 2540 aurea

340 2585 449 2651 sancti
470 2584 643 2652 Saviniani
664 2585 829 2664 manavit,
854 2590 955 2672 prout
979 2607 1041 2675 ego
1066 2587 1173 2655 frater
1194 2587 1379 2655 Gauiridus

339 2699 449 2768 dictus
467 2699 508 2766 de
527 2698 663 2767 Collone
677 2699 778 2786 hujus
804 2700 868 2767 loci
886 2703 1071 2768 monachus
1094 2708 1129 2771 et
1152 2704 1309 2772 sacerdos
1330 2705 1379 2768 in·

288 2813 460 2902 addignus
494 2814 563 2883 vidi
598 2814 768 2881 ascribere·
800 2814 938 2903 dignum
980 2817 1072 2884 duxi.
1114 2819 1212 2885 Anno
1238 2819 1378 2911 *Domini

333 2927 402 2996 ‘00⁰
416 2930 464 2996 M⁰
476 2930 681 3016 octogesimo
704 2929 861 3009 secundo,
876 2933 1081 2999 monasterio
1097 2936 1216 3000 nostro
1235 2939 1377 3001 vacante

339 3048 553 3132 permortem
567 3043 653 3110 bono
672 3046 831 3111 memorio
851 3045 964 3112 domni
979 3045 1134 3113 Gaufridi
1158 3047 1302 3128 abbatis,
1321 3069 1378 3116 so·
1421 3071 1425 3084 “

339 3159 427 3226 roris
444 3158 538 3245 cujus
553 3157 642 3226 filius
656 3156 721 3237 sui,
744 3159 866 3226 accidit
880 3161 915 3226 in
934 3162 1082 3228 crastino
1100 3163 1196 3229 Beati
1213 3163 1378 3230 Johannis

340 3277 419 3341 ante
440 3277 573 3360 portam
592 3274 762 3352 Latinam,
779 3275 914 3360 quodie
940 3276 1144 3344 celebratum
1170 3275 1377 3345 fnit'festum

282 3398 284 3402 '
338 3389 557 3455 Ascensionis
571 3390 702 3455 Domini
715 3393 750 3456 et
765 3395 903 3476 peracta
917 3393 1142 3477 processione,
1159 3398 1259 3479 prout
1272 3397 1377 3460 mori-s

340 3509 404 3584 ost,
421 3509 622 3572 econventu
639 3508 674 3571 et
696 3523 797 3592 capsa
809 3506 845 3570 in
864 3526 930 3592 qua
950 3526 1069 3594 corpus
1089 3506 1179 3575 boati
1203 3508 1377 3575 Saviniani
1406 3590 1410 3597 Ι

340 3621 521 3706 requiescit
537 3620 649 3708 posita
673 3639 773 3706 super
793 3621 901 3686 altare
917 3641 980 3707 que
994 3641 1055 3708 por
1079 3643 1132 3688 me
1156 3627 1238 3689 tunc
1251 3622 1382 3714 dyacoj

342 3756 418 3803 nem
446 3741 481 3804 et
510 3754 570 3824 per
602 3735 743 3802 fratrom
767 3736 955 3802 Johannem
984 3738 1130 3825 Rigaudi
1156 3739 1375 3822 sacerdotem,

315 3916 318 3922 .
343 3851 456 3919 delata
477 3849 589 3916 suerat
612 3850 654 3917 ad
675 3852 934 3936 processionem,
958 3852 1178 3919 foraminibus
1204 3854 1258 3920 vel
1287 3856 1379 3940 poris

294 3969 481 4053 gominime
495 3967 668 4055 perceptis⁴
687 3967 801 4034 suavis
826 3967 936 4053 liquor
956 3968 998 4033 ab
1024 3969 1141 4034 eadem
1164 3989 1265 4056 capsa
1283 3965 1403 4055 quasi'

344 4082 649 4162 tolitusemanarit
674 4087 745 4148 eta
766 4081 857 4149 diota
881 4103 982 4170 capsa
1005 4104 1109 4172 usque
1133 4084 1176 4168 ad
1193 4085 1313 4164 altaro,
1337 4085 1379 4152 ab
