3168 5012
652 451 853 520 -219-

272 599 429 666 Obiciunt
447 599 520 684 oco,
539 599 649 665 dictus
661 600 851 681 Blendium,
874 599 913 664 dc
930 598 1074 664 nucetio
1088 608 1119 664 et
1133 600 1260 666 Basilio

226 719 265 784 dc
281 716 550 801 Chcmpipnicco,
575 717 647 798 ejus
659 735 759 794 ocor,
776 725 937 800 parentes
952 715 1085 780 domini
1096 716 1208 782 iacobi
1221 717 1260 782 de

229 833 499 917 Cicmpipnioca
520 835 651 898 ecclesie
669 841 781 898 costra
794 833 927 913 abbatie,
946 852 1010 915 pro
1029 851 1173 915 quorum
1194 853 1262 897 cn-

226 955 416 1018 nioerscrio
437 954 478 1016 in
492 953 626 1018 ecclesio
645 959 759 1016 nostro
779 950 946 1032 faciendo,
969 950 1062 1014 iubet
1077 958 1261 1015 concentus

227 1077 440 1152 superprota
465 1066 619 1150 defuncti
643 1051 811 1133 theobaldi
827 1067 867 1132 de
889 1064 1050 1132 Corinnae
1075 1070 1143 1146 situ
1167 1068 1260 1152 apud

227 1183 483 1269 Seroipniociuu
498 1203 561 1268 pue
575 1183 665 1249 idcio
676 1185 774 1249 obbas
785 1183 970 1267 adquisivit
982 1187 1043 1248 avi
1057 1203 1082 1248 s.
1102 1192 1126 1250 t.

271 1303 304 1368 8.
322 1335 365 1354 -
379 1302 410 1369 V
426 1299 492 1366 Yd.
506 1333 550 1350 -
562 1298 704 1368 Ottabas
717 1298 1094 1366 Omnium-Sanctorum.
1110 1298 1183 1365 Hac
1195 1297 1260 1376 die,

228 1415 332 1484 habet
355 1420 538 1484 conventus
558 1435 661 1482 unum
687 1415 870 1483 sextarium
890 1415 997 1493 ordei,
1016 1434 1116 1502 super
1130 1413 1264 1482 domum

230 1532 318 1600 dicte
353 1532 387 1599 la
418 1533 563 1620 Begesse
595 1531 804 1621 (Begausse)
829 1530 915 1618 apud
954 1531 1261 1620 Maleyum·RegiS‚

226 1649 327 1737 juxta
343 1649 476 1716 domum
490 1647 639 1717 defuncti
649 1649 762 1726 Hueti,
780 1648 925 1727 oloserii,
940 1652 974 1716 et
991 1649 1020 1714 si
1034 1640 1185 1716 defectus
1199 1647 1266 1715 fue-

230 1767 277 1835 rit
292 1766 327 1832 in
351 1766 529 1849 solutione,
553 1771 736 1833 conventus
756 1769 869 1852 potest
883 1785 1014 1851 capere,
1038 1784 1099 1852 pro
1118 1763 1218 1832 ordeo
1233 1769 1267 1834 et

230 1903 290 1969 pro
306 1881 458 1961 emenda,
477 1887 610 1951 tuntum
622 1887 785 1968 quantum
800 1901 861 1968 pro
875 1901 988 1948 censu.

262 2001 418 2048 Laurencius
434 2001 542 2047 Fiiliaus
554 2003 586 2046 de
603 2001 805 2058 Matavo-nepa.

275 2090 308 2156 9.
325 2088 451 2155 -1111
464 2087 529 2154 ra.
547 2121 589 2138 -
604 2087 695 2154 obiit
715 2087 925 2172 curremus,
950 2087 1059 2170 mnes,
1083 2087 1124 2154 ee
1139 2089 1268 2156 Fonta—
1368 2067 1371 2086 ‘
1436 2099 1438 2107 Α

232 2207 297 2284 nis,
310 2224 370 2292 pro
383 2223 447 2290 quo
457 2204 560 2271 habet
577 2207 772 2282 conventus,
786 2224 885 2292 super
899 2203 1033 2271 domum
1049 2209 1127 2272 ente
1138 2224 1270 2272 mona-e·

230 2323 355 2390 terium
366 2320 852 2408 Sancti-Petri-de-Dongione
868 2341 942 2386 cnm
958 2322 1190 2388 anniversario
1209 2321 1269 2388 de-

232 2439 339 2506 functi
355 2437 495 2522 Anselli,
527 2435 658 2516 militis,
685 2438 786 2517 utin
813 2437 938 2506 litteris
960 2437 1161 2504 Senonensis
1179 2437 1270 2503 curie

186 2635 187 2640 .
232 2556 437 2632 continetur,
454 2554 490 2619 ix
509 2572 537 2620 s.
549 2575 597 2640 p.,
614 2554 648 2620 vi
660 2552 694 2619 (1.
713 2553 909 2636 elemosina,
921 2558 955 2620 et
976 2554 1009 2619 vi
1021 2553 1265 2640 d.pulsatores.

262 2672 352 2719 rnna.
502 2671 504 2676 ·

277 2762 362 2828 Item
386 2759 469 2828 obiit
490 2759 647 2842 Michael,
675 2758 944 2846 archiepiscopus
979 2759 1181 2826 Sunonensis
1208 2778 1269 2845 pro

232 2900 297 2966 quo
316 2877 418 2944 habet
441 2880 635 2954 conventus
662 2895 762 2963 super
780 2881 910 2963 partem
932 2875 1057 2942 decime
1082 2875 1122 2944 de
1146 2876 1269 2943 Pareto

231 2994 328 3080 juxta
343 2991 712 3061 SanctumFerreolum
734 3011 833 3077 qnam
856 2991 1088 3078 adquisierunt
1110 2995 1268 3078 parentes

232 3111 306 3198 ejus
332 3110 374 3176 ad
395 3109 583 3177 faciendum
600 3108 869 3174 anniversarium
883 3107 964 3174 dicti
980 3106 1167 3190 Michaelis,
1184 3110 1221 3174 ix
1239 3127 1268 3174 s.

234 3249 283 3315 p.,
296 3226 371 3292 vid.
387 3227 581 3310 elemosina,
598 3227 632 3292 vi
655 3225 857 3312 pulsatores.

267 3343 358 3391 Abbes.

282 3435 334 3500 10.
348 3471 391 3483 -
410 3433 461 3500 III
477 3433 544 3500 Yd.
560 3468 604 3485 -
623 3430 715 3500 Obiit
729 3433 828 3521 Hugo
840 3432 944 3511 Gode,
961 3433 1114 3514 clericus,
1133 3451 1273 3519 proquo

235 3550 339 3618 habet
360 3556 556 3634 conventus,
575 3570 674 3637 super
690 3554 817 3617 terram
827 3550 929 3637 juxta
941 3550 1030 3616 viam
1046 3569 1108 3639 qne
1122 3548 1215 3616 ducit
1230 3547 1273 3614 ad

237 3672 348 3735 ortum
373 3667 616 3746 Sancti-Petri,
633 3668 682 3733 xii
700 3686 727 3734 s.
750 3689 783 3754 p.

284 3785 370 3852 Item
383 3784 539 3853 obierunt
555 3784 631 3852 Gilo
658 3784 765 3852 Bodet
782 3788 816 3852 et
832 3787 941 3851 mater
960 3783 1044 3870 ejus,
1071 3802 1131 3874 pro
1154 3781 1273 3868 quibus

237 3903 340 3969 habet
365 3907 560 3986 conventus,
585 3919 685 3988 super
704 3899 888 3987 predictam
908 3904 1034 3966 terram
1049 3899 1087 3964 iii
1104 3919 1135 3980 s.¹
1151 3918 1183 3985 p.
1206 3897 1277 3964 sol-

237 4020 363 4088 vendos
386 4019 421 4084 in
434 4021 583 4088 crastino
599 4019 875 4087 Sancti-Martini
892 4016 1070 4104 hyemalis.

270 4137 360 4186 Relicto
374 4136 425 4184 nde
437 4134 529 4196 Lepiut.
