3160 5016
656 551 783 618 „281
810 587 853 600 —-

232 699 337 766 latum
365 699 400 764 in
428 720 463 766 se
490 697 693 788 suscipiendi
720 703 755 766 ot
790 699 899 765 omnis
937 700 1005 766 alia
1030 700 1268 786 prebacionum

232 815 331 904 qnam
344 818 379 882 in
395 817 529 885 medum
559 818 770 905 probacicnis
799 816 1003 904 producendi
1033 823 1068 886 et
1093 818 1268 886 cohibendi

231 937 403 1020 testesque
427 934 580 1022 jurandi,
598 939 633 1002 et
656 953 772 1001 oerum
786 935 1023 1001 attestationes
1042 934 1206 1024 publicari
1222 937 1270 1002 vi·
1351 978 1353 982 -

230 1049 329 1121 dendi
345 1051 378 1116 in
393 1054 500 1118 testes
515 1071 630 1117 eorum
646 1050 737 1117 dicta
756 1071 795 1116 ac
818 1055 937 1117 contra
955 1032 1016 1129 nes
1036 1051 1199 1138 producta
1214 1053 1269 1120 uel

230 1167 379 1235 cohibita
393 1168 524 1233 dicendi
546 1173 580 1235 et
605 1166 819 1256 reprobandi,
838 1167 966 1233 curiam
979 1173 1014 1235 et
1032 1167 1193 1237 deffectus
1207 1167 1268 1236 ob·

223 1283 372 1371 jiciendi,
392 1284 427 1348 in
442 1284 553 1350 causis
574 1282 794 1350 concludendi
814 1288 849 1350 ot
869 1282 1097 1350 concludenda
1118 1285 1267 1372 petendi,

223 1401 282 1488 jus
298 1401 588 1468 interlocutoriam
618 1405 653 1468 et
681 1399 876 1467 diffinitivas
903 1401 1090 1469 sententias
1111 1401 1269 1469 audiendi

228 1515 335 1585 abeis
360 1521 394 1583 et
416 1537 437 1584 a
465 1515 614 1604 quolibet
642 1517 708 1582 alio
742 1516 938 1604 gravamine
966 1515 1030 1583 sibi
1057 1516 1192 1594 collato,
1214 1517 1267 1583 vel

228 1631 408 1715 inferendi,
429 1631 634 1721 provocandi
660 1636 695 1699 et
721 1631 911 1721 appellandi
932 1633 1208 1721 provocacionem
1235 1640 1270 1702 et

229 1749 488 1836 appellationem
498 1769 578 1815 suas
598 1769 823 1836 quascumque
834 1749 1069 1835 prosequendi,
1087 1749 1270 1817 innovandi

228 1865 422 1932 insinuandi
446 1869 480 1932 et
498 1864 690 1943 intimandi,
711 1865 953 1952 appellationes
970 1865 1105 1954 petendi
1131 1870 1166 1935 et
1181 1865 1271 1933 obti-

228 1983 342 2061 nendi,
375 1980 596 2069 expendendi,
613 1980 750 2068 petendi
772 2000 872 2068 super
883 1982 966 2068 ipsis
971 1981 1142 2069 juramen,
1151 1983 1271 2070 jurare

228 2122 291 2186 que
310 2099 504 2188 adjudicare
521 2098 658 2168 uidendi
678 2102 712 2165 et
728 2117 785 2165 eas
804 2097 1000 2184 recipiendi,
1019 2098 1048 2163 si
1064 2119 1127 2185 que
1145 2095 1271 2167 luerint

229 2216 433 2305 adjudicate,
443 2215 640 2282 beneficium
652 2215 954 2284 absolucionissue
970 2216 1168 2303 simpliciter
1176 2221 1211 2286 ct
1227 2217 1269 2283 ad

228 2334 394 2402 cautelam
408 2337 442 2401 et
457 2353 681 2420 quascumque
705 2333 792 2399 alias
811 2333 917 2399 bonas
932 2336 967 2401 et
987 2333 1087 2400 utiles
1103 2339 1138 2401 et
1152 2354 1270 2401 necas·

228 2453 337 2518 sarias
386 2449 589 2538 impetrandi
621 2453 656 2516 et
698 2448 886 2527 obtinendi,
923 2449 1099 2516 peticiones
1138 2449 1272 2518 debitas,

229 2567 331 2635 dandi
354 2569 516 2635 ucetiam
538 2567 675 2655 petendi
692 2571 727 2633 ct
750 2564 942 2654 requirendi
964 2586 985 2632 a
1012 2565 1271 2655 quibuscumque

230 2681 373 2748 dominis
390 2680 627 2748 aeclesiasticis
640 2685 675 2748 et
693 2680 899 2748 secularibus
918 2681 1052 2748 litteras
1068 2681 1122 2749 vel
1139 2681 1271 2771 pleceta

230 2818 288 2862 sou
304 2795 465 2864 mandata
480 2795 615 2882 petendi
630 2801 664 2864 et
686 2793 871 2876 obtinendi,
895 2796 997 2862 alium
1015 2817 1073 2862 scu
1092 2799 1177 2864 alios
1197 2819 1270 2886 pro·

230 2918 404 2980 curatores
420 2910 798 2995 locosuisubstituendi,
813 2912 869 3000 qui
879 2912 1091 2986 eamdemvel
1107 2911 1270 2982 minorem

231 3027 379 3096 habeant
397 3032 611 3117 potestatem,
629 3032 754 3096 etcum
772 3029 826 3096 uel
842 3048 899 3096 eos
914 3019 1094 3096 revocandi
1115 3033 1270 3117 quotiens

229 3148 311 3234 ipsis
325 3144 600 3236 procuratoribus
612 3147 740 3214 nostris
751 3146 919 3214 videbitur
926 3145 1119 3236 expediens,
1135 3135 1271 3236 presen-

230 3263 258 3329 ti
273 3263 506 3350 procuratorio
529 3262 767 3358 nichilominus
785 3263 822 3329 in
840 3283 901 3331 suc
920 3263 1039 3331 robore
1057 3263 1221 3332 duraturo
1237 3272 1271 3334 et

234 3380 439 3468 generaliter
449 3379 562 3445 omnia
572 3378 640 3445 alia
649 3383 684 3447 et
697 3379 831 3468 singula
843 3381 878 3446 in
891 3383 1065 3468 premissis
1075 3385 1110 3449 ct
1124 3381 1272 3469 quelibet

233 3496 472 3584 premissorum
496 3500 530 3563 et
554 3501 743 3584 opportuna
766 3496 912 3564 faciendi
935 3502 970 3566 et
991 3479 1194 3586 procurandi
1210 3520 1272 3566 ne-

231 3612 392 3689 cessaria,
410 3633 473 3699 que
495 3631 556 3678 nes
573 3616 608 3679 et
628 3609 815 3678 faceremus
841 3634 899 3679 seu
915 3613 1026 3682 faeere
1040 3614 1271 3682 debuissemus

235 3729 264 3794 si
280 3727 322 3794 ad
333 3748 373 3794 oa
385 3733 559 3815 presentes
581 3747 745 3806 essemus
769 3729 872 3796 etiam
892 3730 921 3795 si
942 3721 1138 3799 mandatum
1155 3733 1271 3820 exige-

206 3885 209 3889 ·
233 3848 311 3912 rent
323 3845 431 3932 magis
448 3845 591 3933 speciale
604 3845 822 3931 promittendi
836 3844 924 3914 bona
939 3846 1004 3915 fide
1018 3852 1052 3916 et
1071 3847 1132 3914 sub
1141 3847 1272 3939 obliga·

234 3961 329 4027 eione
344 3961 507 4028 benorum
516 3962 677 4045 virorum,
690 3981 751 4027 nes
766 3967 878 4032 ratum
893 3969 1028 4052 gratum
1042 3965 1168 4032 habere
1180 3967 1272 4053 quid·

234 4075 313 4164 quid
342 4097 402 4164 per
427 4074 536 4145 dictos
559 4082 797 4165 procuratores
832 4088 969 4148 nostros
991 4101 1052 4170 pre
1079 4081 1273 4170 hujusmodi

236 4197 353 4284 queste
381 4188 535 4263 iaciendo
564 4198 689 4275 actum,
722 4198 867 4287 gestum,
895 4196 1064 4268 factumve
1084 4195 1188 4268 fuerit
1213 4219 1272 4267 scu

6 1247 12 1316 r
