3168 5012
727 535 930 604 ..242-

364 681 431 749 Pro
452 679 586 748 domino
616 679 771 748 Johanno
790 678 831 745 de
850 676 1044 774 Valeriaoo,x
1065 672 1185 751 milito,
1207 690 1255 736 xx
1270 689 1298 735 s.
1321 673 1348 735 t.

349 806 421 866 Apud
432 806 587 855 valaris-oum
599 819 673 868 anper
685 818 786 855 nonaum
798 801 1032 852 Sancti-Valeriani.

365 906 433 972 Pro
449 907 640 994 solempniis
661 907 921 994 antiphonarum
943 908 1023 971 ante
1043 901 1265 970 Nativitatem
1284 897 1352 964 Do·

321 1021 415 1102 mini,
432 1024 468 1089 vi
484 1022 530 1089 lb.
546 1029 580 1090 et
593 1044 638 1090 xv
654 1022 724 1112 sigt.

366 1148 434 1215 Pro
454 1148 605 1216 Gnidone
620 1148 660 1216 do
675 1148 852 1227 Fontanis,
870 1147 1085 1234 armigeros
1102 1164 1130 1210 s.
1147 1147 1174 1209 t.

352 1263 446 1325 Symon
461 1263 562 1314 Commi
580 1265 600 1312 ii
610 1277 631 1316 s.
644 1277 672 1326 p.

350 1355 474 1402 Harricua
485 1357 516 1401 da
529 1355 618 1404 Puteo.

351 1443 495 1503 stephanus
508 1431 614 1502 Toupot.

367 1545 434 1611 Pro
452 1543 588 1611 domina
606 1539 756 1610 Blancha
772 1541 813 1608 do
828 1540 1003 1620 Fontanis,
1017 1559 1065 1605 xx
1086 1559 1115 1605 s.
1130 1542 1158 1604 t.

356 1669 436 1718 (tuido
448 1669 472 1718 la
482 1671 564 1717 Bruno
576 1683 591 1716 x
605 1681 626 1717 a.

357 1759 499 1817 (barnarius,
510 1759 624 1817 alaricus,
641 1771 658 1804 v
672 1771 693 1807 s.
709 1771 733 1809 ε.
749 1759 790 1806 ἰο.

356 1849 572 1898 Johannosaouns
585 1861 602 1894 v
618 1861 639 1897 a.
656 1853 674 1896 t.

373 1949 435 2012 Pro
451 1946 642 2012 adalinuda
657 1947 887 2024 flammarum,
904 1946 947 2009 tut
964 1961 991 2009 a.
1004 1962 1041 2027 p.

356 2063 466 2110 Tbomaa
482 2065 593 2110 Plumot.

369 2162 437 2230 Pro
453 2164 617 2251 magistro
632 2163 795 2242 Guidono,
814 2161 985 2240 canonico,
1002 2180 1024 2226 v
1045 2179 1072 2225 s.
1089 2164 1117 2226 t.

355 2275 424 2325 Felix
435 2277 612 2327 Guillabodons
623 2279 653 2327 do
667 2279 817 2340 Saligniaoo.

371 2378 438 2446 Pro
452 2384 551 2467 prato
578 2381 680 2468 juxta
707 2377 879 2447 abbaciam
909 2372 1356 2450 Curio-Nostro-Domina,

325 2513 350 2561 Χ
369 2515 397 2562 s.
414 2516 447 2582 p.

357 2617 466 2668 (tilonna
476 2616 607 2680 Moingoto.

371 2716 439 2785 Pro
455 2722 607 2786 costuma
621 2717 662 2785 do
683 2716 866 2800 Montibus,
895 2717 1021 2785 minam
1041 2735 1160 2797 avene,
1185 2715 1358 2806 gallinam,

327 2839 352 2904 ii
367 2856 483 2924 panes,
501 2835 560 2903 id.
575 2856 707 2904 census.

358 2953 388 3002 In
403 2953 526 3014 parocbia
542 2952 716 3002 ditantibus.

371 3051 439 3118 Pro
459 3050 557 3119 domo
577 3056 656 3119 ante
675 3055 811 3140 puteum
832 3049 943 3137 platee
965 3047 1206 3128 Sancti-Petri,
1234 3069 1258 3115 x
1281 3069 1309 3117 s.
1326 3071 1357 3137 p.

359 3167 444 3216 Petrus
459 3167 595 3216 avunculi.

373 3257 440 3323 Pro
461 3258 559 3324 domo
573 3254 706 3345 lapidea
717 3256 758 3326 ad
770 3259 903 3344 portam
917 3256 1187 3336 Sancti-Leonis,
1199 3274 1271 3322 xxx
1283 3275 1310 3320 a.
1333 3259 1357 3321 t.

359 3372 456 3422 (toletus
468 3373 570 3421 Fillons.

371 3473 439 3540 Pro
456 3473 566 3542 tribus
580 3474 724 3540 cameris
744 3473 780 3540 in
797 3474 1063 3564 Pargamenaria
1074 3477 1109 3542 et
1123 3492 1192 3540 una
1210 3471 1361 3539 minima.

361 3588 453 3646 Quarta
463 3602 521 3651 pars
531 3587 714 3652 loquutionum.

370 3688 437 3756 Pro
452 3688 550 3757 domo
568 3695 686 3759 nostra
701 3689 742 3757 do
756 3690 952 3771 Marohello,
972 3691 1007 3756 in
1029 3711 1094 3777 qna
1109 3693 1261 3758 moratur
1279 3689 1365 3757 Gre-

331 3806 445 3894 gorius
460 3805 500 3873 da
515 3806 650 3889 Maleio,
664 3830 712 3874 xx
725 3829 752 3875 s,
771 3829 804 3896 p.
821 3809 865 3876 ud
877 3805 1094 3874 Nativitatem
1112 3808 1247 3874 Domini
1269 3817 1302 3874 et
1321 3807 1365 3873 ud

329 3924 453 4008 festum
467 3923 778 3994 Sancti-lobannis.

373 4039 441 4106 Pro
461 4039 558 4107 domo
582 4046 701 4109 nostra
725 4043 760 4108 in
784 4043 858 4110 nico
883 4041 1362 4120 Molineti-Sanoti-Johannis,

329 4156 365 4221 in
398 4176 464 4242 qua
490 4161 644 4228 moratur
677 4157 890 4228 Theobaldns
922 4160 1112 4240 Maserius,
1141 4161 1190 4226 xii
1212 4179 1239 4227 s.
1263 4182 1297 4248 p.
1318 4159 1366 4224 ad
