3180 5012
765 445 967 512 -32-‚

346 582 500 652 ,Eodem
524 588 685 671 tempore,
715 585 849 671 quidam
875 606 972 651 cecus
1012 587 1053 652 ad
1087 588 1371 673 sollempnitatem
1413 635 1422 650 .

334 702 526 764 sanctorum
549 705 738 785 martyrum
760 691 864 768 veuit.
886 701 950 774 Qui
974 707 1127 768 sanctum
1150 703 1372 769 savinianum

332 813 506 881 humiliter
523 815 699 909 postulans
716 817 847 882 meritis
872 818 977 902 ipsius
1002 819 1111 883 sancti
1139 820 1256 885 statim
1274 819 1373 905 adju-

258 1021 261 1026 ·
328 934 397 1008 tus,
424 932 479 1017 qui
504 951 600 996 cecus
625 933 715 998 omui
739 936 889 1017 tempore
909 930 1022 998 fuerat
1043 933 1150 998 socios
1172 953 1250 997 suos
1271 932 1369 1010 vidit,

331 1053 364 1113 et
388 1033 475 1134 quod
506 1047 630 1114 dudum
654 1048 892 1134 desperaverat
918 1068 991 1113 sese
1023 1047 1147 1113 habere
1168 1046 1372 1114 mirabiliter

330 1162 528 1230 mirabatur.
562 1164 661 1231 Plebs
682 1165 792 1231 omnis
817 1164 908 1229 illins
931 1163 1033 1229 saluti
1057 1165 1112 1248 qui
1135 1183 1232 1248 cecus
1260 1162 1373 1229 fuerat

329 1280 599 1365 congratulatur,
622 1282 785 1366 martyris
810 1281 1001 1351 reverentia
1022 1281 1056 1344 in
1081 1285 1299 1366 augmentum
1319 1279 1372 1345 di-

235 1389 238 1396 ’
330 1393 469 1473 letatur,
486 1399 520 1462 et
534 1395 722 1463 Salvatoris
741 1396 919 1463 clementia
934 1393 1156 1460 collaudatur.

372 1514 520 1588 Quedam
535 1515 656 1580 mulier
671 1513 711 1579 de
738 1514 948 1590 ValliliariiS‚
973 1513 1092 1578 solutis
1109 1532 1291 1577 nervorum
1317 1512 1373 1578 lu·

285 1628 443 1708 lllnibuS,
462 1632 596 1717 vestigii
613 1651 709 1696 usum
724 1631 938 1717 perdiderat;
959 1651 1021 1715 que
1048 1630 1163 1694 liberis
1187 1631 1371 1695 amicorum

330 1747 480 1811 consiliis
495 1749 708 1813 consentiens
721 1731 763 1812 ad
784 1748 880 1813 Beati
891 1746 996 1810 'Petri
1015 1745 1257 1810 monasterium
1270 1764 1372 1830 apor-

326 1865 442 1940 tatur3
461 1862 673 1947 quebeatum
694 1842 912 1929 Savinianum
927 1861 1100 1926 humiliter
1116 1860 1300 1947 deposcens
1314 1881 1372 1925 re·

326 1975 415 2060 oepit
440 1975 628 2042 omnimode
649 1977 843 2054 sanitatem,
863 1996 961 2062 quam
978 1977 1126 2061 recipere
1150 1996 1217 2042 non
1237 1981 1372 2064 poterat

327 2091 579 2176 persolerciam
596 2091 815 2156 medicorum.
903 2141 906 2146 ,
971 2091 973 2095 ’
1140 2079 1145 2082 ’

371 2205 512 2279 Quidam
536 2197 653 2290 laycus
677 2207 811 2270 nomine
836 2205 1036 2272 Heribertus
1065 2225 1178 2272 coram
1211 2207 1371 2272 sacrariis

327 2320 473 2386 dormire
486 2325 719 2387 consueverat.
738 2321 801 2385 Hic
812 2340 892 2386 vero
907 2324 1005 2388 nocte
1018 2321 1161 2408 quadam
1175 2323 1371 2409 priusquam

327 2454 465 2521 sompno
480 2436 679 2513 solveretur,
699 2435 866 2501 lacescere
879 2435 986 2501 lucem
1001 2437 1038 2500 in
1061 2413 1273 2522 lampadibus
1289 2457 1372 2502 con-

327 2555 460 2631 tuetur;
488 2552 576 2638 'cepit
602 2551 824 2629 tumultuare,
852 2570 1028 2617 rancorem
1054 2571 1155 2638 agere
1190 2557 1224 2618 et
1258 2572 1371 2618 coram

327 2673 519 2734 sanctorum
534 2667 706 2753 presentia
719 2687 773 2732 res
788 2668 976 2732 immeritas
992 2686 1152 2733 accusare
1166 2690 1175 2748 3
1192 2669 1245 2733 oui
1261 2669 1372 2735 subito
1473 2725 1474 2728 ,

276 2784 462 2870 mquidem
487 2785 703 2880 apparensin
733 2784 795 2848 hec
815 2783 918 2850 verba
938 2785 1117 2869 prorupit:
1137 2783 1259 2848 Annon
1282 2783 1374 2849 Savi-

326 2902 464 2966 nianum
489 2906 674 2986 martyrem
697 2891 912 2986 cognovisti?
940 2900 983 2966 Et
1013 2893 1130 2966 statim
1153 2899 1243 2966 dicto
1270 2901 1372 2964 Heri-

325 3018 420 3084 berto
435 3019 549 3103 gravis
573 3016 733 3102 colaphus
749 3016 913 3081 incutitur
928 3020 962 3081 et
986 3016 1022 3078 in
1046 3014 1167 3081 ultima
1186 3015 1280 3080 chori
1297 3019 1370 3081 sta-

325 3133 417 3198 tione
432 3131 605 3208 deductus,
629 3130 721 3194 humi
745 3129 954 3215 provolvitur
975 3134 1009 3195 et
1032 3149 1130 3194 mane
1157 3128 1246 3194 lacto
1266 3130 1369 3194 semi-

324 3249 420 3313 vivus
445 3248 624 3332 reperitur,
649 3247 771 3312 lectulo
794 3245 980 3313 infirmario
1004 3247 1216 3331 componitur
1231 3251 1274 3335 et
1298 3245 1367 3310 fere

323 3382 381 3447 per
400 3382 523 3427 annum
545 3361 715 3438 laboranS,
732 3362 790 3427 vix
809 3361 945 3426 tandem
961 3361 1143 3443 convaluit,
1160 3369 1296 3447 recepta
1308 3381 1368 3447 per
1402 3339 1405 3345 ¹

326 3482 519 3544 sanctorum
533 3478 655 3543 merita
669 3477 844 3562 sospitate.
880 3455 882 3458 ⁵

344 3625 349 3633 ·
367 3592 481 3658 Abbas
494 3593 692 3659 monasterii
707 3592 838 3657 cuidam
852 3592 1011 3678 religioso
1026 3592 1159 3679 nomine
1174 3590 1366 3656 Theobaldo

323 3728 439 3776 curam
471 3727 644 3774 sacrorum
672 3708 897 3773 commiserat.
929 3708 993 3774 Hie
1022 3714 1120 3773 nocte
1159 3706 1302 3791 quadam
1330 3707 1365 3770 in

323 3825 435 3891 extasi
450 3825 580 3911 positus
595 3823 655 3888 Dei
676 3823 873 3909 genitricem
891 3843 965 3888 cnm
991 3822 1153 3908 apostolis
1174 3841 1287 3887 coram
1312 3821 1365 3886 al·

273 3941 390 4005 30tari
416 3944 529 4006 astare
550 3943 741 4004 contuetur.
771 3927 866 4003 Inte'r
896 3958 979 4022 quos
1010 3938 1112 4003 etiam
1144 3936 1363 4002 Savinianum

322 4060 508 4139 martyrem
525 4054 628 4135 vidit„
649 4055 704 4141 qui
720 4073 755 4118 se
770 4053 909 4140 gerebat
925 4057 1086 4139 tanquam
1102 4053 1183 4120 dicti
1197 4057 1363 4121 monaste-
