3168 5012
582 549 586 558 .
639 540 682 555 -
708 487 839 589 iil·-

209 649 379 724 menarIa‚
414 646 474 712 viii
505 667 533 711 s.
573 665 645 731 par.
682 647 716 712 et
747 644 941 710 elemosima
964 643 1016 732 ’(1)
1046 644 1145 710 xiid.
1177 663 1251 732 par.

241 762 353 822 Magister
369 761 476 818 locatus,
488 759 671 812 illuminarius.
684 761 709 807 vi
725 759 749 808 d.
762 773 815 820 par.

240 850 304 898 Filia
316 849 434 900 defuncte
449 849 532 908 ituria,
549 848 757 908 parchemiuiaro,
769 847 797 895 iii
809 860 830 895 s.
845 859 870 907 p.

255 941 288 1006 8.
306 974 348 991 -
370 937 649 1032 V1Yd.3-ob.
696 951 700 957 '

179 1119 181 1122 .
254 1059 288 1124 9.
306 1089 350 1106 -
367 1054 480 1122 VYd.
496 1053 614 1120 -Ob.
633 1053 679 1142 (2)

259 1167 672 1239 10.-1111Yd.-0b.

258 1289 312 1356 11.
325 1324 366 1336 -
381 1286 431 1353 III
445 1285 555 1351 Yd.-
572 1284 665 1367 Obiit
679 1284 852 1353 lohannes
868 1282 1090 1362 Autuuensis,
1103 1304 1164 1371 pro
1189 1306 1254 1372 quo

211 1402 314 1470 habat
331 1404 529 1494 conventus
554 1419 654 1486 super
678 1419 813 1466 censum
833 1398 874 1465 de
892 1399 1074 1484 FoyssIaoo
1098 1400 1154 1485 qui
1183 1399 1248 1468 luit
1344 1465 1347 1472 ,

118 1529 122 1536 ’
209 1516 325 1583 lucebi
341 1516 537 1594 Venatoris,
559 1536 591 1581 v.
612 1535 640 1581 s.
654 1520 696 1593 t.,
717 1515 762 1580 sii
788 1513 818 1579 d.
838 1514 1034 1592 elemosina,
1059 1513 1108 1580 xii
1129 1514 1162 1581 d.
1176 1515 1254 1602 pul-

213 1635 362 1699 satores.

243 1747 325 1794 Ahhas
337 1759 381 1806 pro
395 1745 523 1798 celeraria.

261 1838 312 1902 12.
330 1872 373 1886 ·-
389 1837 422 1902 II
438 1834 557 1900 Yd.·
577 1834 638 1900 Ob.

261 1953 314 2018 13.
336 1987 379 2000 -
393 1949 536 2016 Ydibus.
562 1985 605 2000 -
635 1949 800 2018 Obierunt
825 1952 947 2018 Petrus
969 1950 1009 2016 de
1031 1952 1194 2038 Lingonis
1221 1955 1256 2018 ei

215 2066 416 2133 Lambertus
431 2065 473 2132 de
492 2067 611 2148 Burro,
624 2085 683 2152 pro
695 2065 815 2152 quibus
831 2055 933 2134 habet
949 2047 1148 2144 conventus,
1167 2065 1255 2152 apud

215 2171 635 2272 Burrum-supar-Albam,
650 2180 897 2269 superdomum
919 2182 1083 2270 Hugonis,
1108 2183 1253 2260 comitis

214 2298 297 2364 xviii
315 2317 342 2362 s.
360 2301 402 2374 t.,
419 2295 518 2362 xiid.
541 2296 736 2376 elemosina,
754 2298 807 2364 xii
823 2298 1014 2385 pulsatores
1039 2299 1073 2362 iu
1097 2297 1256 2364 nundInis

215 2412 256 2478 de
274 2414 380 2479 Burro
394 2412 642 2499 persolvendos.

212 2541 215 2546 ’
247 2530 340 2577 Domus
357 2529 387 2576 de
405 2530 488 2578 Burro.

246 2619 377 2664 lohannes
386 2620 470 2665 dictus
482 2620 560 2666 Fleur
569 2621 644 2666 solvit
653 2632 732 2676 super
742 2621 848 2666 domum
860 2621 1001 2667 detauo'ort
1010 2632 1097 2666 coram
1107 2625 1194 2666 sancto
1204 2620 1256 2666 Ma·

216 2710 255 2755 cto

263 2798 315 2863 14.
328 2799 372 2846 -’
386 2799 504 2864 XVIII
520 2798 704 2864 Kalendas,
722 2799 827 2893 Mayi.
843 2836 887 2846 —
900 2794 1060 2866 Tibuuoii
1077 2799 1139 2865 Ob.

264 2914 316 2979 15.
330 2949 375 2964 -
387 2914 486 2981 XVII
502 2915 580 2980 Kal.
593 2951 635 2963 -
649 2913 742 2982 Obiit
756 2916 914 2982 Galterus
943 2916 1096 2992 Cornuti,
1122 2915 1256 2982 archie-

215 3029 370 3114 piscopus
396 3009 613 3107 Sunonensis,
635 3050 695 3115 pro
719 3050 784 3117 quo
808 3030 910 3099 habet
933 3035 1130 3108 conventus,
1156 3049 1256 3115 super

216 3140 350 3212 domum
375 3144 462 3212 ante'
479 3147 720 3211 monasterium
740 3145 780 3211 de
796 3145 915 3229 Naudo
935 3166 998 3232 que
1020 3145 1085 3213 luit
1105 3145 1254 3211 defuncti

217 3257 297 3325 dicti
313 3257 411 3338 Gelu,
432 3261 515 3326 xviii
534 3280 561 3324 s.
579 3265 621 3338 t.,
638 3261 687 3326 xii
701 3261 734 3326 d.
751 3262 946 3341 elemosina,
961 3269 995 3330 et
1019 3263 1064 3328 xli
1088 3261 1122 3328 d.
1142 3262 1255 3349 pulsa·

217 3376 320 3440 tores.

246 3489 330 3535 Liberi
341 3491 456 3548 defuncti
465 3492 555 3538 Foliaii
568 3493 676 3540 Daootti.

244 3685 278 3748 (t)
296 3687 328 3734 Lo
340 3693 391 3736 mot
403 3691 564 3738 elemosinae
575 3692 612 3739 eta
624 3693 683 3752 rayt
697 3697 720 3740 et
732 3693 855 3753 tempiset
865 3708 910 3754 par
919 3697 1073 3753 pulsatores.
1153 3713 1157 3720 ⁸

246 3775 280 3838 (t)
295 3776 327 3822 Le
334 3789 372 3823 ms
387 3780 416 3824 56
438 3780 519 3837 ajoute
534 3779 582 3827 iai:
599 3782 665 3828 Obiit
684 3783 783 3842 Petrus,
799 3777 925 3846 sacerdos,
943 3787 1027 3834 dictus
1043 3787 1074 3831 de
1087 3785 1253 3842 Bella-Avia,

212 3867 344 3923 praeuius
356 3869 534 3916 anniuersario
545 3872 617 3947 tiabat
628 3877 776 3930 conuentus,
786 3886 865 3930 super
872 3877 978 3920 domum
990 3887 1068 3934 quam
1078 3879 1143 3921 tenet
1159 3875 1255 3932 Graue·

215 3957 269 4001 rius
279 3957 363 4003 dictus
373 3959 405 4004 de
415 3959 508 4006 Maleto
520 3961 597 4006 sitam
611 3963 638 4008 in
648 3963 787 4009 Marchello
803 3965 829 4009 in
841 3965 895 4011 vico
907 3977 956 4023 quo
969 3966 1021 4012 itur
1033 3968 1066 4012 ad
1076 3971 1166 4022 terras,
1178 3965 1188 4010 i
1200 3978 1222 4010 a.
1236 3971 1252 4010 t.

213 4046 271 4092 Nou
286 4046 320 4092 toi
332 4052 504 4106 computatur,
517 4051 561 4095 sed
575 4051 608 4096 ad
624 4051 789 4098 Nativitatem
805 4044 908 4098 Domini
923 4059 946 4100 et
960 4055 1025 4101 beati
1044 4037 1172 4102 iohannis
1183 4055 1255 4111 Bap-

213 4137 272 4182 tiste
280 4153 288 4195 ;
307 4142 330 4182 et
344 4142 507 4194 computatur
520 4151 567 4195 pro
585 4141 694 4197 quolibet
712 4143 820 4188 termino
836 4155 886 4188 xxv
900 4155 921 4189 a.
933 4149 950 4189 t.
1237 4121 1239 4124 Ι
