3168 5012
671 513 868 591 ,-193-

246 681 311 747 qua
349 659 452 728 hebet
488 661 683 737 convontus,
715 679 814 746 super
850 659 982 726 vineam
1024 654 1064 722 de
1101 654 1277 739 Merderel,

246 781 279 845 vi
301 801 328 846 s.
345 782 372 846 t.

274 896 374 956 torquet
385 895 467 943 Ardiz.

277 987 393 1032 ueteres
407 986 512 1032 Haedis.

278 1077 400 1123 Girerdue
410 1077 502 1133 Περεῖ.

278 1165 359 1212 Filius
371 1165 515 1224 Clementis,
533 1164 555 1210 le
567 1163 667 1210 bochter
681 1167 752 1210 tenet.
1140 1189 1142 1195 ·

295 1265 348 1330 12.
372 1301 416 1312 -
435 1261 467 1328 ll
480 1262 546 1329 Yd.
564 1301 607 1312 —
619 1261 710 1328 Obiit
722 1260 806 1338 Odo,
824 1259 1007 1339 lathomos,
1025 1280 1086 1348 pro
1103 1279 1167 1347 quo
1180 1259 1283 1328 habet

252 1384 449 1459 conventus,
467 1399 566 1467 super
583 1379 715 1446 vineam
726 1377 761 1442 in
775 1376 996 1443 Valle-viridi
1015 1377 1064 1442 iiii
1080 1397 1107 1444 s,
1120 1381 1162 1454 t..
1186 1380 1220 1444 et
1233 1376 1282 1442 xii

252 1497 447 1576 elemosina,
464 1498 499 1561 in
515 1495 601 1562 festo
614 1493 868 1561 Sancte-Crucis
879 1491 1127 1580 persolvendos

281 1613 391 1660 Felietue
402 1614 420 1659 u·
433 1613 575 1658 Grolieoreu
588 1612 618 1657 de
627 1610 732 1656 Jouenct
744 1606 779 1672 (l)
792 1613 881 1657 teneto
892 1621 913 1656 e.
926 1614 946 1659 t.

293 1707 347 1772 13.
364 1703 563 1770 -Ydibus
582 1739 625 1749 -
641 1700 698 1767 Ob.

297 1823 350 1886 14.
366 1817 534 1887 —XVlIl
550 1817 720 1886 Kalendas
735 1816 950 1885 Octobris.—·'
964 1815 1285 1896 ExultatioSencte-

250 1937 383 2006 Crucis.
399 1937 471 2004 Hae
481 1935 547 2014 die,
570 1933 733 2002 debentur
749 1954 796 2000 xx
809 1955 836 2000 s
851 1955 900 2020 p.,
923 1933 973 2001 iiii
989 1932 1021 2000 d.
1040 1953 1073 2019 p.
1090 1954 1150 2021 pro
1170 1953 1282 2017 ceusu,

256 2071 358 2138 super
368 2052 438 2119 tria
450 2054 593 2138 arpenta
604 2052 693 2137 prati
707 2051 773 2118 situ
786 2051 876 2118 inter
896 2054 1029 2138 pratum
1052 2049 1217 2120 Morellon
1236 2049 1284 2139 (2)

254 2173 289 2236 et
302 2171 439 2254 pratum
453 2166 545 2234 Sirat
566 2164 612 2254 (2)
623 2171 691 2254 {pro
710 2165 942 2235 anniversario
957 2164 1124 2244 (leufridi,
1141 2165 1283 2250 abbatis,

254 2283 342 2373 quod
356 2281 395 2358 fit
407 2283 441 2349 iu
457 2283 476 2350 J
481 2282 559 2352 ulio.
582 2281 692 2369 Sopor
708 2285 773 2350 litis
795 2295 977 2352 crevenno
994 2285 1087 2351 debet
1111 2285 1288 2352 elemosine

253 2403 336 2468 eos.
351 2421 431 2486 por.
1347 2389 1349 2394 ’

285 2517 366 2566 tlnldo
381 2516 545 2566 Blunvileins.

285 2609 405 2656 canonici
415 2610 446 2654 de
455 2610 573 2656 thesauro
584 2611 680 2656 tenent.

286 2697 389 2754 Respice
399 2697 426 2744 in
442 2709 528 2744 mense
543 2698 645 2743 letitie
658 2697 707 2753 line
719 2708 768 2754 quo
780 2673 855 2743 modo
868 2695 1019 2744 sentinetur.

299 2785 425 2854 Eadem
445 2785 499 2852 die
521 2785 678 2853 obierunt
699 2785 922 2864 Fromundus,
944 2785 1053 2865 miles,
1078 2789 1113 2852 et
1128 2784 1292 2852 Matelina

259 2902 299 2968 de
313 2902 450 2990 Donjeio
468 2900 513 2992 (3)
532 2923 593 2991 pro
617 2903 737 2989 quibus
761 2903 864 2970 habet
887 2907 1072 2970 conventus
1093 2902 1139 2969 vii
1158 2922 1186 2967 s.
1207 2901 1242 2966 vi
1256 2899 1288 2966 d.

258 3039 380 3086 census
413 3018 499 3106 apud
531 3018 695 3107 Egliseies
732 3019 833 3106 juxta
867 3017 1292 3104 Villam-Novem-Regis

259 3155 334 3201 oum
352 3136 443 3201 omni
451 3135 594 3223 justicia
613 3135 803 3222 pertinente
822 3133 864 3200 ed
891 3153 1039 3217 censum,
1057 3137 1096 3200 ut
1120 3134 1156 3198 in
1169 3131 1294 3199 litteris

260 3253 352 3318 curie
364 3249 565 3318 Sunonensis
578 3252 782 3326 continetur,
797 3251 831 3315 in
845 3249 897 3315 die
911 3249 1140 3318 Exultatiouis
1159 3231 1294 3316 Senote-

260 3367 376 3434 Crucis
390 3367 641 3454 persolvendos.

291 3484 384 3532 census
400 3485 556 3535 Villo-Novo.

303 3576 427 3643 Eadem
442 3574 510 3656 die,
530 3575 632 3643 habet
653 3579 836 3642 conventus
853 3575 888 3639 in
901 3571 1166 3660 Pergameneria
1182 3570 1244 3636 xiii
1264 3589 1293 3637 s.

262 3694 295 3757 vi
312 3692 343 3759 d.
370 3715 400 3780 p.
418 3695 602 3761 censuales,

294 3813 386 3861 Census
403 3814 433 3861 de
447 3813 645 3874 Purgamenuria.

296 3986 332 4050 (l)
343 3988 483 4047 Stephanus
497 3987 596 4040 thars.
610 4011 640 4022 -
654 3987 724 4033 Fotis
742 3987 760 4032 tt
776 3985 913 4032 Crolierree
926 3986 957 4030 de
967 3983 1075 4032 Jousnci
1084 3979 1127 4044 (tls
1143 3978 1189 4042 56).

300 4077 333 4140 (2)
349 4076 475 4124 lloreillon
490 4078 513 4123 et
526 4076 602 4124 Sirert
618 4075 662 4141 (Ms
676 4076 723 4138 56).
1196 4059 1198 4064 ’

296 4165 332 4230 (3)
350 4167 459 4226 Dongeio
473 4164 518 4228 (lis
530 4165 576 4229 56).

1081 4252 1123 4318 13
