3160 5016
720 481 850 549 -264
873 517 917 534 -

298 630 467 719 obsequiis
494 629 630 710 divinis,
655 627 778 696 debitis
803 627 976 696 ordinarie
998 627 1147 715 hymnis,
1164 633 1198 696 et
1226 627 1338 717 legere

298 747 534 815 consuevimus
551 766 625 812 cum
652 743 945 833 predecessoribus
965 746 1093 812 nostris
1119 744 1161 811 ab
1185 746 1336 832 antiquo,

297 869 332 930 et
346 864 452 930 eciam
466 882 527 950 per
539 862 624 929 alios
636 866 771 928 nostros
783 863 941 949 antiquos
956 866 989 929 et
1003 861 1206 950 approbatos
1218 862 1334 941 libros,

300 1000 383 1067 quos
399 981 510 1046 nostri
536 977 792 1066 predecessores
813 982 848 1046 et
868 978 934 1044 viri
952 979 1178 1066 expertissimi
1195 981 1339 1067 scripse-

297 1097 441 1174 runt,in
451 1094 542 1161 dicto
553 1097 671 1161 nostro
684 1094 823 1160 cenobio
836 1093 1096 1181 diligentissime
1108 1099 1335 1162 conservatos.

340 1212 516 1290 Preterea,
539 1210 681 1278 indicto
701 1216 819 1278 nostro
835 1211 986 1290 cenobio,
1008 1214 1061 1278 est
1080 1210 1221 1297 quedam
1236 1213 1338 1280 insti-

295 1327 386 1395 tucio
421 1347 481 1392 seu
520 1326 693 1394 ordinacio
721 1326 883 1395 salutaris
917 1327 952 1393 in
988 1327 1117 1394 honore
1144 1332 1337 1395 sanctorum

296 1445 477 1510 martirum
496 1442 694 1511 Potenciaui
726 1447 761 1510 et
775 1443 897 1522 Altini,
925 1444 1091 1510 sociorum
1115 1445 1226 1512 sancti
1241 1444 1339 1511 Sari-

254 1559 255 1563 ’
295 1560 401 1638 niani,
419 1558 602 1625 salubriter
622 1561 656 1625 et
671 1557 791 1626 devote
804 1558 1011 1626 introducta.
1034 1559 1180 1635 Quorum
1202 1566 1337 1628 sancto·

295 1697 370 1743 rum
392 1676 624 1742 sacratissima
648 1694 801 1762 corpora,
822 1677 857 1741 in
875 1695 976 1762 capsa
999 1681 1173 1764 argentea,
1188 1698 1250 1743 nec
1269 1698 1336 1744 non

294 1795 409 1881 plures
430 1793 515 1859 alias
531 1791 691 1879 reliquias
702 1795 737 1859 et
752 1794 948 1859 sanctuaria
964 1791 1052 1859 dicte
1067 1796 1183 1859 nostre
1197 1792 1338 1858 ecclesie

295 1915 331 1977 et
345 1911 516 1998 prioratus
538 1907 681 1996 predicti
707 1906 1146 1995 Sancti-Lupi-de·Naudo,
1170 1906 1261 1974 inira
1277 1908 1338 1974 de·

296 2027 436 2115 signati,
461 2025 609 2111 undique
635 2025 671 2089 in
694 2025 868 2092 conditiva
896 2029 931 2091 et
957 2025 1119 2091 societate
1142 2029 1336 2091 sanctarum

294 2143 513 2230 reliquiarum
551 2141 788 2228 gloriosissimi
824 2141 957 2207 Domini
994 2138 1198 2208 confessoris
1228 2140 1337 2208 sancti

295 2259 394 2346 Lupi,
420 2256 663 2342 archiepiscopi
689 2255 904 2334 Senonensis,
943 2275 1004 2341 per
1033 2255 1184 2322 diversas
1221 2255 1336 2322 mundi

294 2380 409 2462 partes
437 2372 564 2440 Christi
580 2370 734 2438 fidelibus
769 2370 841 2437 iore
865 2371 1086 2459 publicandas
1102 2375 1135 2438 et
1150 2371 1334 2452 honorifice

294 2488 552 2586 transferendas
565 2488 786 2555 decrevimus.
804 2489 847 2557 Et
863 2490 984 2576 primo,
1002 2489 1179 2576 quamdam
1196 2511 1334 2578 parram

294 2605 465 2694 capsulam
493 2604 706 2693 quadratam,
736 2610 876 2692 argente
908 2611 1112 2692 coopertam,
1134 2606 1177 2673 ad
1197 2607 1332 2675 modum

294 2723 401 2792 turris
418 2720 593 2809 quadrata,
623 2725 768 2806 quatuor
783 2722 977 2810 columpnas
995 2743 1136 2812 cupreas
1152 2723 1334 2792 deauratas

271 2867 276 2874 ·
294 2841 330 2906 in
350 2844 495 2926 quatuor
512 2838 654 2925 angulos
671 2837 820 2926 ejusdem
838 2839 1030 2918 habentem,
1047 2860 1121 2906 cum
1136 2840 1279 2927 pomello
1294 2840 1334 2907 de

295 2975 397 3042 cupro
414 2939 577 3020 deaurato
591 2953 624 3018 in
638 2954 835 3021 summitate
847 2954 1006 3042 ejusdem,
1018 2956 1053 3020 in
1065 2976 1132 3041 qua
1142 2956 1334 3042 figurantur

295 3068 468 3135 duodecim
494 3068 651 3155 apostoli,
683 3069 768 3137 etin
792 3089 832 3134 ea
858 3068 1087 3136 reconduntur
1113 3069 1153 3136 de
1180 3071 1332 3158 reliquiis

296 3184 468 3252 duodecim
498 3183 728 3271 apostolorum
762 3186 895 3250 Domini
931 3186 1040 3252 nostri
1067 3186 1330 3267 ihesu-Christi3

294 3303 393 3378 Item,
411 3299 575 3387 quoddam
599 3299 788 3379 brachium,
817 3307 959 3389 argento
984 3306 1177 3389 coopertum
1197 3303 1334 3370 circiter

293 3419 513 3505 manipulum,
543 3422 577 3485 et
604 3416 746 3484 inferius
778 3438 870 3502 auro,
916 3424 951 3486 et
977 3418 1145 3506 lapidibus
1169 3421 1332 3506 preciosis

295 3534 465 3602 subtiliter
500 3533 717 3614 decoratum,
759 3535 794 3601 in
830 3555 894 3622 quo
927 3536 1144 3603 continentur
1175 3534 1216 3602 de
1246 3536 1330 3602 reli-

199 3640 201 3644 ’
295 3651 382 3738 quiis
398 3651 507 3718 sancti
528 3650 688 3730 Ebbonis,
704 3649 871 3738 quondam
889 3651 1091 3720 Sunonensis
1107 3652 1334 3740 archiepisco·

295 3765 348 3852 pi;
364 3766 458 3844 item,
475 3765 654 3852 quamdam
683 3788 823 3854 parvam
849 3769 1019 3855 capsulam
1035 3771 1180 3857 argenti,
1206 3770 1248 3836 ad
1266 3791 1336 3837 mo·

296 3883 374 3949 dum
397 3884 536 3950 ecclesie
557 3883 732 3952 subtiliter
760 3887 991 3972 compositam,
1017 3886 1051 3950 in
1067 3886 1173 3974 ipsius
1191 3887 1334 3974 quadra-

295 4001 383 4067 turis
412 4005 447 4067 et
475 4001 655 4088 piguaculo
680 4000 859 4070 dumtaxat
888 4002 1096 4082 deauratam,
1119 4005 1154 4069 in
1171 4025 1237 4090 qua
1251 4024 1333 4070 con-

254 4203 257 4212 ,
297 4120 505 4208 conquiescit
534 4120 662 4209 digitus
696 4120 787 4188 beati
815 4121 943 4200 Andre,
974 4123 1131 4212 apostoli,
1163 4144 1231 4190 una
1257 4145 1331 4190 cum
