3164 5016
736 483 913 551 ..98-

350 629 446 698 dno.
475 631 515 695 Et
535 630 683 714 predicto
700 648 804 710 appo,
827 627 897 693 Gilo
918 623 1070 706 dococti,
1096 641 1199 707 nepos
1215 622 1338 688 dolieri

304 763 337 818 ei
372 751 498 819 Gitonis
522 751 804 834 predecessorum,
843 747 1112 830 archiepiscopos
1148 744 1338 826 ordinator,

302 869 523 954 pendentibus
538 869 623 933 ciero
638 875 670 932 et
687 867 822 949 popolo.
849 864 914 928 Po·
937 866 1052 949 ipsum
1074 863 1185 943 major
1209 863 1345 926 ecclesio

303 988 412 1052 mulio
433 983 617 1070 adquisivit
643 982 735 1068 cpod
757 982 875 1078 Videon
898 977 1024 1044 Novom
1040 978 1289 1061 Acciiepiscopi
1308 985 1340 1042 et

1557 2714 1566 2920 ἰ

1563 3145 1566 3198 i

1565 3853 1566 3904 i

303 1105 384 1168 aliis
406 1103 495 1168 locis.
516 1100 615 1165 Anno
641 1118 718 1164 vero
746 1099 884 1164 Domini
909 1095 954 1160 M⁰
976 1094 1037 1162 00⁰
1051 1097 1269 1177 poocpcsimo
1288 1112 1342 1158 se·

303 1219 423 1295 opido,
442 1217 537 1294 obiit,
553 1225 583 1281 ei
599 1219 639 1280 in
652 1216 775 1297 mpori
790 1214 926 1278 ecclcsic
940 1212 1092 1296 sepelies
1110 1213 1192 1295 fuit.
1208 1245 1210 1250 ·

341 1329 514 1405 Stephanus
526 1327 679 1403 chuaodi
691 1327 739 1401 (1).

341 1429 499 1506 Philippus
518 1427 555 1486 de
568 1427 721 1500 Maripni.

341 1527 521 1609 Gniilelmus
540 1529 577 1584 de
591 1526 707 1584 Melon.

257 1625 294 1689 10
339 1625 452 1684 Petrus
472 1623 613 1700 Roperii.

340 1723 526 1782 Guillecmus
539 1718 585 1800 (2).

338 1821 509 1880 Ademerus
526 1821 573 1896 (3).
593 1823 720 1881 Robcei.

339 1919 511 1980 Gontccius.
526 1920 563 1979 de
582 1921 763 1996 Bcipncuae.

338 2017 445 2076 Gnido.
466 2019 503 2077 de
519 2019 647 2095 Ropaei
660 2022 770 2095 possea
789 2015 1042 2093 archiepiscopus
1057 2012 1302 2076 liemcussensis.

338 2116 527 2176 Guillelmus.
548 2119 585 2186 de
599 2119 761 2176 Dormens.
786 2138 792 2156 s

338 2215 428 2289 Hugo
447 2217 608 2286 Blenchet,
628 2217 742 2274 electus
757 2221 787 2273 et
803 2233 864 2273 non
877 2214 1081 2274 confirmatus.

336 2313 490 2372 iohannes
502 2314 539 2373 de
554 2315 714 2387 Monieigu

336 2411 487 2470 Henricus
504 2411 541 2468 dc
555 2411 693 2485 Sevoisy.

334 2509 487 2568 iohannes
506 2509 543 2566 de
558 2509 681 2566 Nanton
696 2507 862 2566 monachus
886 2515 916 2566 et
940 2508 1032 2566 abbas
1055 2507 1112 2566 suit
1135 2507 1238 2566 Sancti
1258 2504 1336 2566 Ger·

250 2611 288 2676 20
372 2610 453 2666 mani
471 2607 755 2678 Autissiodorensis,
781 2614 813 2665 et
837 2614 943 2683 postca
967 2607 1213 2682 archiepiscopus
1234 2608 1332 2666 Seno-

371 2708 484 2766 ncnsis.
503 2705 586 2764 obiit
597 2706 677 2780 apud
688 2706 878 2779 Jogniecum,
893 2711 925 2765 et
947 2706 1082 2781 sepultus
1099 2705 1156 2764 fuit
1179 2705 1210 2762 in
1230 2722 1337 2764 mona-

370 2806 463 2864 sterio
476 2805 587 2864 Sancte
597 2805 707 2876 Mai-ie,
724 2804 755 2861 in
769 2805 869 2862 medio
885 2805 983 2863 chosi.

333 2905 503 2964 Ludcvicus
516 2904 553 2961 de
566 2903 682 2962 Melun.
704 2902 763 2961 Iste
774 2903 831 2961 fuit
845 2920 939 2979 nepos
950 2903 1075 2962 Henrici
1090 2903 1128 2962 de
1143 2904 1284 2980 Sesoisy.

327 3229 361 3294 (ί)
374 3232 418 3280 Les
428 3244 499 3280 noms
510 3233 552 3282 des
563 3233 737 3296 ercheveques,
750 3232 838 3293 depuis
851 3232 995 3292 Stephanus
1006 3229 1106 3292 iusqu'd
1119 3233 1210 3279 Petrus
1224 3231 1335 3290 chedi,

296 3323 339 3368 ont
352 3323 389 3368 ete
400 3321 493 3380 sioutes
508 3335 553 3382 par
569 3335 620 3370 une
632 3323 701 3370 mein
711 3323 745 3370 du
758 3330 812 3370 xiv·
832 3321 913 3371 siicle.
937 3324 982 3370 Les
1000 3326 1064 3370 mois
1084 3321 1211 3382 imprimis
1223 3333 1254 3368 en
1268 3320 1338 3368 itali·

295 3423 356 3470 ques
368 3412 479 3459 sonides
496 3412 621 3461 additions
637 3413 671 3460 du
688 3420 763 3462 svin·
779 3413 865 3462 sidcis.

326 3499 360 3563 (2)
377 3501 487 3548 Eoriture
499 3501 533 3549 du
546 3509 589 3550 xv·
601 3502 685 3550 siecle.

327 3589 360 3654 (d)
378 3592 422 3640 Les
431 3605 503 3640 noms
515 3593 557 3640 des
570 3593 744 3653 ercheveques,
757 3593 844 3653 depuis
856 3594 1000 3640 Ademcrus
1010 3591 1111 3653 Jusqu’i
1123 3593 1281 3653 Guiilelmus,
1295 3604 1335 3640 me

295 3681 417 3729 semblent
429 3681 478 3729 etro
493 3681 568 3729 d'une
587 3682 667 3729 meme
684 3681 789 3730 ecritnre
808 3683 842 3730 du
865 3689 908 3730 xv·
920 3682 1000 3730 siecle.
1023 3683 1067 3729 Les
1078 3684 1142 3730 mois
1157 3683 1249 3729 Rcbert
1262 3686 1286 3730 ct
1304 3685 1335 3730 de

295 3770 427 3828 Beipnaux
445 3775 489 3820 ont
511 3773 548 3819 eie
570 3773 664 3830 cicutis
684 3784 728 3832 per
748 3772 772 3819 le
789 3773 868 3820 meme
882 3773 962 3820 scribe
980 3772 1025 3832 qui
1049 3773 1140 3820 neoni
1159 3771 1195 3818 les
1217 3785 1288 3820 nome
1302 3774 1333 3822 de

298 3860 448 3906 Tristendus
463 3861 494 3906 de
512 3860 629 3907 Seliezcr
650 3864 673 3908 et
686 3863 717 3909 dc
730 3873 769 3909 scs
781 3873 942 3908 successeurs.
960 3861 1041 3917 Quadi
1054 3875 1104 3910 eux
1123 3865 1186 3908 mois
1205 3864 1236 3908 de
1251 3863 1331 3921 ncne.

297 3953 353 4009 etc,
366 3951 398 3995 dc
409 3951 543 4007 Donnens,
559 3950 585 4008 Je
601 3951 665 3999 crois
678 3949 752 4011 qu'ils
761 3954 805 3999 oni
818 3952 855 3998 dii
872 3952 948 3998 traces
960 3963 1004 4010 per
1014 3951 1039 3998 le
1049 3951 1128 3999 meme
1143 3963 1265 4012 personne
1276 3952 1331 4015 qui,
1565 3951 1566 4012 i

295 4050 327 4085 eu
343 4044 397 4086 xv1·
411 4038 492 4097 sidcis,
509 4040 595 4088 aierit
611 4040 647 4088 les
663 4053 735 4089 nome
749 4040 791 4089 des
809 4041 983 4101 aroheveques.
1004 4041 1093 4102 depuis
1112 4043 1186 4101 Hispo
1209 4043 1330 4090 Bienchet

290 4128 394 4188 jusqu'd
409 4130 551 4178 Ludcvicus
564 4133 595 4178 de
611 4133 698 4180 Melon
713 4131 915 4182 inclusivemcnt.
1565 4089 1566 4172 Ῐ
