<?xml version="1.0" encoding="UTF-8"?>
<!DOCTYPE html PUBLIC "-//W3C//DTD XHTML 1.0 Transitional//EN"
    "http://www.w3.org/TR/xhtml1/DTD/xhtml1-transitional.dtd">
<html xmlns="http://www.w3.org/1999/xhtml" xml:lang="en" lang="en">
 <head>
  <title>
</title>
<meta http-equiv="Content-Type" content="text/html;charset=utf-8" />
  <meta name='ocr-system' content='tesseract 3.04.00' />
  <meta name='ocr-capabilities' content='ocr_page ocr_carea ocr_par ocr_line ocrx_word'/>
</head>
<body>
  <div class='ocr_page' id='page_1' title='image "./lelivredesreliq00prougoog_0053.png"; bbox 0 0 3180 5012; ppageno 0'>
   <div class='ocr_carea' id='block_1_1' title="bbox 772 471 948 544">
    <p class='ocr_par' dir='ltr' id='par_1_1' title="bbox 772 471 948 544">
     <span class='ocr_line' id='line_1_1' title="bbox 772 471 948 544; baseline -0.006 -16"><span class='ocrx_word' id='word_1_1' title='bbox 772 471 948 544; x_wconf 78' lang='grc'><strong>..16-</strong></span> 
     </span>
    </p>
   </div>
   <div class='ocr_carea' id='block_1_2' title="bbox 263 614 1386 2208">
    <p class='ocr_par' dir='ltr' id='par_1_2' title="bbox 344 614 1383 707">
     <span class='ocr_line' id='line_1_2' title="bbox 344 614 1383 707; baseline 0 -24"><span class='ocrx_word' id='word_1_2' title='bbox 344 614 590 705; x_wconf 85' lang='lat' dir='ltr'>responderunt</span> <span class='ocrx_word' id='word_1_3' title='bbox 614 619 700 705; x_wconf 93' lang='lat' dir='ltr'>quod</span> <span class='ocrx_word' id='word_1_4' title='bbox 728 640 749 686; x_wconf 91' lang='lat' dir='ltr'>a</span> <span class='ocrx_word' id='word_1_5' title='bbox 774 625 897 687; x_wconf 56' lang='lat' dir='ltr'>¹sancto</span> <span class='ocrx_word' id='word_1_6' title='bbox 924 620 1089 707; x_wconf 90' lang='lat' dir='ltr'>propheta</span> <span class='ocrx_word' id='word_1_7' title='bbox 1115 616 1286 686; x_wconf 82' lang='lat' dir='ltr'>iheremia</span> <span class='ocrx_word' id='word_1_8' title='bbox 1308 639 1383 684; x_wconf 91' lang='lat' dir='ltr'>ma-</span> 
     </span>
    </p>

    <p class='ocr_par' dir='ltr' id='par_1_3' title="bbox 263 726 1386 2208">
     <span class='ocr_line' id='line_1_3' title="bbox 263 734 1382 832; baseline -0.001 -33"><span class='ocrx_word' id='word_1_9' title='bbox 263 825 266 832; x_wconf 24' lang='lat'>.</span> <span class='ocrx_word' id='word_1_10' title='bbox 340 735 434 820; x_wconf 84' lang='lat' dir='ltr'>jones</span> <span class='ocrx_word' id='word_1_11' title='bbox 464 737 612 822; x_wconf 91' lang='lat' dir='ltr'>ipsorum</span> <span class='ocrx_word' id='word_1_12' title='bbox 644 742 857 822; x_wconf 87' lang='lat' dir='ltr'>acceperunt.</span> <span class='ocrx_word' id='word_1_13' title='bbox 894 738 972 823; x_wconf 89' lang='lat' dir='ltr'>Ipsa</span> <span class='ocrx_word' id='word_1_14' title='bbox 1002 734 1164 822; x_wconf 85' lang='lat' dir='ltr'><strong>siquidem</strong></span> <span class='ocrx_word' id='word_1_15' title='bbox 1196 740 1293 801; x_wconf 87' lang='lat' dir='ltr'>nocte</span> <span class='ocrx_word' id='word_1_16' title='bbox 1321 734 1382 799; x_wconf 93' lang='lat' dir='ltr'>ob-</span> 
     </span>
     <span class='ocr_line' id='line_1_4' title="bbox 347 852 1383 934; baseline 0 -20"><span class='ocrx_word' id='word_1_17' title='bbox 347 853 492 916; x_wconf 86' lang='lat' dir='ltr'>scuritas</span> <span class='ocrx_word' id='word_1_18' title='bbox 517 853 606 917; x_wconf 89' lang='lat' dir='ltr'>aeris</span> <span class='ocrx_word' id='word_1_19' title='bbox 627 853 662 916; x_wconf 92' lang='lat' dir='ltr'>in</span> <span class='ocrx_word' id='word_1_20' title='bbox 688 852 877 918; x_wconf 77' lang='lat' dir='ltr'>claritatem</span> <span class='ocrx_word' id='word_1_21' title='bbox 908 853 968 916; x_wconf 88' lang='lat' dir='ltr'>Dei</span> <span class='ocrx_word' id='word_1_22' title='bbox 988 871 1087 918; x_wconf 86' lang='lat' dir='ltr'>versa</span> <span class='ocrx_word' id='word_1_23' title='bbox 1103 857 1167 928; x_wconf 91' lang='lat' dir='ltr'>est,</span> <span class='ocrx_word' id='word_1_24' title='bbox 1195 857 1228 917; x_wconf 92' lang='lat' dir='ltr'>et</span> <span class='ocrx_word' id='word_1_25' title='bbox 1252 853 1287 914; x_wconf 93' lang='lat' dir='ltr'>in</span> <span class='ocrx_word' id='word_1_26' title='bbox 1308 853 1383 934; x_wconf 90' lang='lat' dir='ltr'>ipsa</span> 
     </span>
     <span class='ocr_line' id='line_1_5' title="bbox 347 965 1383 1053; baseline 0 -24"><span class='ocrx_word' id='word_1_27' title='bbox 347 971 445 1032; x_wconf 86' lang='lat' dir='ltr'>nocte</span> <span class='ocrx_word' id='word_1_28' title='bbox 469 967 568 1033; x_wconf 89' lang='lat' dir='ltr'>stella</span> <span class='ocrx_word' id='word_1_29' title='bbox 601 968 712 1053; x_wconf 85' lang='lat' dir='ltr'>Magis</span> <span class='ocrx_word' id='word_1_30' title='bbox 737 986 836 1052; x_wconf 90' lang='lat' dir='ltr'>super</span> <span class='ocrx_word' id='word_1_31' title='bbox 862 971 1007 1032; x_wconf 90' lang='lat' dir='ltr'>montem</span> <span class='ocrx_word' id='word_1_32' title='bbox 1036 967 1192 1053; x_wconf 88' lang='lat' dir='ltr'>apparuit</span> <span class='ocrx_word' id='word_1_33' title='bbox 1219 987 1282 1051; x_wconf 93' lang='lat' dir='ltr'>que</span> <span class='ocrx_word' id='word_1_34' title='bbox 1310 965 1383 1030; x_wconf 83' lang='lat' dir='ltr'>for·</span> 
     </span>
     <span class='ocr_line' id='line_1_6' title="bbox 346 1066 1384 1168; baseline -0.001 -23"><span class='ocrx_word' id='word_1_35' title='bbox 346 1101 434 1146; x_wconf 90' lang='lat' dir='ltr'>mam</span> <span class='ocrx_word' id='word_1_36' title='bbox 454 1082 600 1148; x_wconf 85' lang='lat' dir='ltr'>habebat</span> <span class='ocrx_word' id='word_1_37' title='bbox 625 1085 719 1168; x_wconf 90' lang='lat' dir='ltr'>pueri</span> <span class='ocrx_word' id='word_1_38' title='bbox 743 1083 972 1168; x_wconf 78' lang='lat' dir='ltr'>pulcherrimi,</span> <span class='ocrx_word' id='word_1_39' title='bbox 993 1082 1027 1146; x_wconf 92' lang='lat' dir='ltr'>in</span> <span class='ocrx_word' id='word_1_40' title='bbox 1052 1066 1149 1166; x_wconf 88' lang='lat' dir='ltr'>cujus</span> <span class='ocrx_word' id='word_1_41' title='bbox 1170 1083 1279 1168; x_wconf 89' lang='lat' dir='ltr'>capite</span> <span class='ocrx_word' id='word_1_42' title='bbox 1298 1072 1384 1146; x_wconf 76' lang='lat' dir='ltr'>crui&#39;r</span> 
     </span>
     <span class='ocr_line' id='line_1_7' title="bbox 347 1191 1384 1283; baseline 0.002 -24"><span class='ocrx_word' id='word_1_43' title='bbox 347 1194 543 1282; x_wconf 81' lang='lat' dir='ltr'>splendebat</span> <span class='ocrx_word' id='word_1_44' title='bbox 557 1191 874 1280; x_wconf 89' lang='lat' dir='ltr'>demonstrabatque</span> <span class='ocrx_word' id='word_1_45' title='bbox 891 1200 929 1263; x_wconf 88' lang='lat' dir='ltr'>ut</span> <span class='ocrx_word' id='word_1_46' title='bbox 943 1198 978 1260; x_wconf 91' lang='lat' dir='ltr'>in</span> <span class='ocrx_word' id='word_1_47' title='bbox 992 1197 1011 1260; x_wconf 85' lang='lat' dir='ltr'><strong>J</strong></span> <span class='ocrx_word' id='word_1_48' title='bbox 1015 1195 1132 1262; x_wconf 91' lang='lat' dir='ltr'>udeam</span> <span class='ocrx_word' id='word_1_49' title='bbox 1152 1201 1332 1283; x_wconf 84' lang='lat' dir='ltr'>pergerent</span> <span class='ocrx_word' id='word_1_50' title='bbox 1348 1199 1384 1261; x_wconf 89' lang='lat' dir='ltr'>et</span> 
     </span>
     <span class='ocr_line' id='line_1_8' title="bbox 346 1310 1383 1396; baseline 0.002 -23"><span class='ocrx_word' id='word_1_51' title='bbox 346 1310 392 1374; x_wconf 93' lang='lat' dir='ltr'>ibi</span> <span class='ocrx_word' id='word_1_52' title='bbox 409 1315 525 1377; x_wconf 91' lang='lat' dir='ltr'>natum</span> <span class='ocrx_word' id='word_1_53' title='bbox 542 1310 601 1375; x_wconf 89' lang='lat' dir='ltr'>Dei</span> <span class='ocrx_word' id='word_1_54' title='bbox 618 1310 724 1376; x_wconf 87' lang='lat' dir='ltr'>filium</span> <span class='ocrx_word' id='word_1_55' title='bbox 742 1312 946 1378; x_wconf 81' lang='lat' dir='ltr'>invenirent.</span> <span class='ocrx_word' id='word_1_56' title='bbox 968 1312 1008 1377; x_wconf 95' lang='lat' dir='ltr'>In</span> <span class='ocrx_word' id='word_1_57' title='bbox 1032 1313 1105 1396; x_wconf 91' lang='lat' dir='ltr'>ipsa</span> <span class='ocrx_word' id='word_1_58' title='bbox 1126 1330 1206 1377; x_wconf 86' lang='lat' dir='ltr'>vero</span> <span class='ocrx_word' id='word_1_59' title='bbox 1227 1310 1292 1388; x_wconf 89' lang='lat' dir='ltr'>die,</span> <span class='ocrx_word' id='word_1_60' title='bbox 1311 1315 1383 1377; x_wconf 85' lang='lat' dir='ltr'>tres</span> 
     </span>
     <span class='ocr_line' id='line_1_9' title="bbox 348 1424 1382 1511; baseline 0.001 -23"><span class='ocrx_word' id='word_1_61' title='bbox 348 1425 434 1490; x_wconf 88' lang='lat' dir='ltr'>soles</span> <span class='ocrx_word' id='word_1_62' title='bbox 456 1426 491 1488; x_wconf 94' lang='lat' dir='ltr'>in</span> <span class='ocrx_word' id='word_1_63' title='bbox 518 1424 657 1491; x_wconf 88' lang='lat' dir='ltr'>Oriente</span> <span class='ocrx_word' id='word_1_64' title='bbox 683 1430 923 1511; x_wconf 87' lang='lat' dir='ltr'>apparuerunt,</span> <span class='ocrx_word' id='word_1_65' title='bbox 951 1427 1007 1510; x_wconf 93' lang='lat' dir='ltr'>qui</span> <span class='ocrx_word' id='word_1_66' title='bbox 1033 1425 1196 1510; x_wconf 91' lang='lat' dir='ltr'>paulatim</span> <span class='ocrx_word' id='word_1_67' title='bbox 1225 1426 1260 1489; x_wconf 94' lang='lat' dir='ltr'>in</span> <span class='ocrx_word' id='word_1_68' title='bbox 1280 1445 1382 1489; x_wconf 90' lang='lat' dir='ltr'>unum</span> 
     </span>
     <span class='ocr_line' id='line_1_10' title="bbox 347 1538 1382 1625; baseline 0 -22"><span class='ocrx_word' id='word_1_69' title='bbox 347 1558 467 1624; x_wconf 88' lang='lat' dir='ltr'>corpus</span> <span class='ocrx_word' id='word_1_70' title='bbox 480 1538 590 1604; x_wconf 90' lang='lat' dir='ltr'>solare</span> <span class='ocrx_word' id='word_1_71' title='bbox 610 1539 738 1606; x_wconf 88' lang='lat' dir='ltr'>redacti</span> <span class='ocrx_word' id='word_1_72' title='bbox 762 1544 862 1618; x_wconf 91' lang='lat' dir='ltr'>sunt,</span> <span class='ocrx_word' id='word_1_73' title='bbox 880 1560 940 1625; x_wconf 91' lang='lat' dir='ltr'>per</span> <span class='ocrx_word' id='word_1_74' title='bbox 958 1538 1043 1624; x_wconf 92' lang='lat' dir='ltr'>quod</span> <span class='ocrx_word' id='word_1_75' title='bbox 1065 1539 1275 1625; x_wconf 85' lang='lat' dir='ltr'>significatur</span> <span class='ocrx_word' id='word_1_76' title='bbox 1297 1538 1382 1624; x_wconf 92' lang='lat' dir='ltr'>qnod</span> 
     </span>
     <span class='ocr_line' id='line_1_11' title="bbox 302 1651 1381 1740; baseline 0.006 -28"><span class='ocrx_word' id='word_1_77' title='bbox 302 1651 436 1728; x_wconf 76' lang='lat' dir='ltr'>litterni</span> <span class='ocrx_word' id='word_1_78' title='bbox 461 1655 615 1720; x_wconf 87' lang='lat' dir='ltr'>etunius</span> <span class='ocrx_word' id='word_1_79' title='bbox 642 1655 701 1719; x_wconf 92' lang='lat' dir='ltr'>Dei</span> <span class='ocrx_word' id='word_1_80' title='bbox 717 1654 843 1720; x_wconf 88' lang='lat' dir='ltr'>noticia</span> <span class='ocrx_word' id='word_1_81' title='bbox 863 1656 992 1720; x_wconf 87' lang='lat' dir='ltr'>cunctis</span> <span class='ocrx_word' id='word_1_82' title='bbox 1019 1655 1150 1740; x_wconf 93' lang='lat' dir='ltr'>populis</span> <span class='ocrx_word' id='word_1_83' title='bbox 1174 1654 1381 1719; x_wconf 89' lang='lat' dir='ltr'>imminebat.</span> 
     </span>
     <span class='ocr_line' id='line_1_12' title="bbox 348 1766 1384 1854; baseline -0.002 -20"><span class='ocrx_word' id='word_1_84' title='bbox 348 1766 567 1834; x_wconf 88' lang='lat' dir='ltr'>Octavianum</span> <span class='ocrx_word' id='word_1_85' title='bbox 582 1769 819 1853; x_wconf 88' lang='lat' dir='ltr'>imperatorem</span> <span class='ocrx_word' id='word_1_86' title='bbox 836 1768 979 1834; x_wconf 90' lang='lat' dir='ltr'>Romani</span> <span class='ocrx_word' id='word_1_87' title='bbox 995 1773 1155 1854; x_wconf 85' lang='lat' dir='ltr'>tanquam</span> <span class='ocrx_word' id='word_1_88' title='bbox 1169 1788 1263 1834; x_wconf 90' lang='lat' dir='ltr'>sunm</span> <span class='ocrx_word' id='word_1_89' title='bbox 1280 1768 1384 1833; x_wconf 90' lang='lat' dir='ltr'>Deum</span> 
     </span>
     <span class='ocr_line' id='line_1_13' title="bbox 348 1882 1386 1969; baseline -0.002 -21"><span class='ocrx_word' id='word_1_90' title='bbox 348 1883 456 1948; x_wconf 88' lang='lat' dir='ltr'>colere</span> <span class='ocrx_word' id='word_1_91' title='bbox 470 1883 661 1960; x_wconf 87' lang='lat' dir='ltr'>voluerunt,</span> <span class='ocrx_word' id='word_1_92' title='bbox 679 1883 736 1948; x_wconf 91' lang='lat' dir='ltr'>sed</span> <span class='ocrx_word' id='word_1_93' title='bbox 757 1885 828 1969; x_wconf 90' lang='lat' dir='ltr'>ipse</span> <span class='ocrx_word' id='word_1_94' title='bbox 847 1882 993 1969; x_wconf 88' lang='lat' dir='ltr'>prudens</span> <span class='ocrx_word' id='word_1_95' title='bbox 1011 1905 1046 1948; x_wconf 91' lang='lat' dir='ltr'>se</span> <span class='ocrx_word' id='word_1_96' title='bbox 1061 1885 1237 1951; x_wconf 87' lang='lat' dir='ltr'>mortalem</span> <span class='ocrx_word' id='word_1_97' title='bbox 1256 1883 1386 1950; x_wconf 91' lang='lat' dir='ltr'>intelli-</span> 
     </span>
     <span class='ocr_line' id='line_1_14' title="bbox 348 1997 1383 2087; baseline 0.002 -25"><span class='ocrx_word' id='word_1_98' title='bbox 348 2017 431 2083; x_wconf 88' lang='lat' dir='ltr'>gens</span> <span class='ocrx_word' id='word_1_99' title='bbox 453 1997 721 2064; x_wconf 87' lang='lat' dir='ltr'>immortalitatis</span> <span class='ocrx_word' id='word_1_100' title='bbox 750 2017 871 2064; x_wconf 92' lang='lat' dir='ltr'>nomen</span> <span class='ocrx_word' id='word_1_101' title='bbox 894 1999 958 2064; x_wconf 90' lang='lat' dir='ltr'>sibi</span> <span class='ocrx_word' id='word_1_102' title='bbox 975 2000 1082 2066; x_wconf 90' lang='lat' dir='ltr'>noluit</span> <span class='ocrx_word' id='word_1_103' title='bbox 1106 2020 1280 2087; x_wconf 90' lang='lat' dir='ltr'>usurpare.</span> <span class='ocrx_word' id='word_1_104' title='bbox 1302 1999 1383 2065; x_wconf 86' lang='lat' dir='ltr'>Cum</span> 
     </span>
     <span class='ocr_line' id='line_1_15' title="bbox 348 2115 1384 2208; baseline 0.002 -30"><span class='ocrx_word' id='word_1_105' title='bbox 348 2133 429 2201; x_wconf 89' lang='lat' dir='ltr'>ergo</span> <span class='ocrx_word' id='word_1_106' title='bbox 453 2115 487 2178; x_wconf 93' lang='lat' dir='ltr'>in</span> <span class='ocrx_word' id='word_1_107' title='bbox 509 2115 562 2180; x_wconf 89' lang='lat' dir='ltr'>die</span> <span class='ocrx_word' id='word_1_108' title='bbox 586 2115 785 2183; x_wconf 82' lang='lat' dir='ltr'>Natiuitatis</span> <span class='ocrx_word' id='word_1_109' title='bbox 810 2117 941 2182; x_wconf 89' lang='lat' dir='ltr'>Domini</span> <span class='ocrx_word' id='word_1_110' title='bbox 962 2137 1061 2204; x_wconf 90' lang='lat' dir='ltr'>super</span> <span class='ocrx_word' id='word_1_111' title='bbox 1086 2118 1151 2183; x_wconf 91' lang='lat' dir='ltr'>hac</span> <span class='ocrx_word' id='word_1_112' title='bbox 1176 2136 1212 2181; x_wconf 91' lang='lat' dir='ltr'>re</span> <span class='ocrx_word' id='word_1_113' title='bbox 1232 2115 1384 2208; x_wconf 86' lang='lat' dir='ltr'>¹Sibillam</span> 
     </span>
    </p>
   </div>
   <div class='ocr_carea' id='block_1_3' title="bbox 284 2237 1388 4166">
    <p class='ocr_par' dir='ltr' id='par_1_4' title="bbox 347 2237 1387 2777">
     <span class='ocr_line' id='line_1_16' title="bbox 347 2237 1386 2323; baseline 0 -21"><span class='ocrx_word' id='word_1_114' title='bbox 347 2237 594 2323; x_wconf 88' lang='lat' dir='ltr'>prophetissam</span> <span class='ocrx_word' id='word_1_115' title='bbox 613 2241 648 2304; x_wconf 95' lang='lat' dir='ltr'>in</span> <span class='ocrx_word' id='word_1_116' title='bbox 673 2260 734 2305; x_wconf 88' lang='lat' dir='ltr'>sua</span> <span class='ocrx_word' id='word_1_117' title='bbox 754 2260 886 2306; x_wconf 90' lang='lat' dir='ltr'>camera</span> <span class='ocrx_word' id='word_1_118' title='bbox 909 2246 1137 2323; x_wconf 82' lang='lat' dir='ltr'>convocasset,</span> <span class='ocrx_word' id='word_1_119' title='bbox 1160 2244 1195 2307; x_wconf 88' lang='lat' dir='ltr'>et</span> <span class='ocrx_word' id='word_1_120' title='bbox 1214 2239 1304 2306; x_wconf 90' lang='lat' dir='ltr'>dicta</span> <span class='ocrx_word' id='word_1_121' title='bbox 1330 2239 1386 2304; x_wconf 87' lang='lat' dir='ltr'>si-</span> 
     </span>
     <span class='ocr_line' id='line_1_17' title="bbox 348 2351 1386 2443; baseline 0.004 -27"><span class='ocrx_word' id='word_1_122' title='bbox 348 2351 429 2417; x_wconf 93' lang='lat' dir='ltr'>billa</span> <span class='ocrx_word' id='word_1_123' title='bbox 445 2354 589 2419; x_wconf 88' lang='lat' dir='ltr'>oraculis</span> <span class='ocrx_word' id='word_1_124' title='bbox 607 2356 781 2422; x_wconf 89' lang='lat' dir='ltr'>insisteret</span> <span class='ocrx_word' id='word_1_125' title='bbox 802 2357 856 2422; x_wconf 93' lang='lat' dir='ltr'>die</span> <span class='ocrx_word' id='word_1_126' title='bbox 880 2357 989 2422; x_wconf 90' lang='lat' dir='ltr'>media</span> <span class='ocrx_word' id='word_1_127' title='bbox 1014 2358 1157 2422; x_wconf 90' lang='lat' dir='ltr'>circulus</span> <span class='ocrx_word' id='word_1_128' title='bbox 1178 2377 1300 2422; x_wconf 89' lang='lat' dir='ltr'>aureus</span> <span class='ocrx_word' id='word_1_129' title='bbox 1324 2377 1386 2443; x_wconf 91' lang='lat' dir='ltr'>ap-</span> 
     </span>
     <span class='ocr_line' id='line_1_18' title="bbox 348 2469 1387 2557; baseline 0 -22"><span class='ocrx_word' id='word_1_130' title='bbox 348 2471 462 2557; x_wconf 87' lang='lat' dir='ltr'>paruit</span> <span class='ocrx_word' id='word_1_131' title='bbox 479 2472 568 2535; x_wconf 93' lang='lat' dir='ltr'>circa</span> <span class='ocrx_word' id='word_1_132' title='bbox 588 2470 690 2535; x_wconf 89' lang='lat' dir='ltr'>solem</span> <span class='ocrx_word' id='word_1_133' title='bbox 701 2475 735 2537; x_wconf 92' lang='lat' dir='ltr'>et</span> <span class='ocrx_word' id='word_1_134' title='bbox 752 2471 786 2534; x_wconf 86' lang='lat' dir='ltr'>in</span> <span class='ocrx_word' id='word_1_135' title='bbox 800 2470 909 2536; x_wconf 90' lang='lat' dir='ltr'>medio</span> <span class='ocrx_word' id='word_1_136' title='bbox 922 2470 1038 2535; x_wconf 89' lang='lat' dir='ltr'>circuli</span> <span class='ocrx_word' id='word_1_137' title='bbox 1052 2472 1148 2556; x_wconf 85' lang='lat' dir='ltr'>virgo</span> <span class='ocrx_word' id='word_1_138' title='bbox 1160 2469 1387 2557; x_wconf 87' lang='lat' dir='ltr'>pulcherrima</span> 
     </span>
     <span class='ocr_line' id='line_1_19' title="bbox 348 2584 1387 2672; baseline -0.001 -23"><span class='ocrx_word' id='word_1_139' title='bbox 348 2605 488 2672; x_wconf 90' lang='lat' dir='ltr'>puerum</span> <span class='ocrx_word' id='word_1_140' title='bbox 512 2590 650 2671; x_wconf 89' lang='lat' dir='ltr'>gestans</span> <span class='ocrx_word' id='word_1_141' title='bbox 669 2585 703 2649; x_wconf 93' lang='lat' dir='ltr'>in</span> <span class='ocrx_word' id='word_1_142' title='bbox 724 2586 873 2671; x_wconf 81' lang='lat' dir='ltr'>gremi03</span> <span class='ocrx_word' id='word_1_143' title='bbox 891 2589 973 2651; x_wconf 83' lang='lat' dir='ltr'>tnnc</span> <span class='ocrx_word' id='word_1_144' title='bbox 993 2585 1262 2671; x_wconf 90' lang='lat' dir='ltr'>cumplurimum</span> <span class='ocrx_word' id='word_1_145' title='bbox 1284 2584 1387 2649; x_wconf 92' lang='lat' dir='ltr'>admi·</span> 
     </span>
     <span class='ocr_line' id='line_1_20' title="bbox 348 2697 1384 2777; baseline 0.003 -12"><span class='ocrx_word' id='word_1_146' title='bbox 348 2703 519 2777; x_wconf 82' lang='lat' dir='ltr'>narentur,</span> <span class='ocrx_word' id='word_1_147' title='bbox 537 2697 716 2764; x_wconf 91' lang='lat' dir='ltr'>audierunt</span> <span class='ocrx_word' id='word_1_148' title='bbox 733 2719 849 2764; x_wconf 86' lang='lat' dir='ltr'>vocem</span> <span class='ocrx_word' id='word_1_149' title='bbox 869 2698 1057 2766; x_wconf 81' lang='lat' dir='ltr'>dicentem:</span> <span class='ocrx_word' id='word_1_150' title='bbox 1079 2700 1148 2765; x_wconf 86' lang='lat' dir='ltr'>Heo</span> <span class='ocrx_word' id='word_1_151' title='bbox 1163 2705 1215 2766; x_wconf 92' lang='lat' dir='ltr'>est</span> <span class='ocrx_word' id='word_1_152' title='bbox 1231 2719 1291 2765; x_wconf 90' lang='lat' dir='ltr'>ara</span> <span class='ocrx_word' id='word_1_153' title='bbox 1309 2700 1384 2768; x_wconf 90' lang='lat' dir='ltr'>celi.</span> 
     </span>
    </p>

    <p class='ocr_par' dir='ltr' id='par_1_5' title="bbox 300 2813 1387 3017">
     <span class='ocr_line' id='line_1_21' title="bbox 300 2813 1387 2899; baseline -0.002 -19"><span class='ocrx_word' id='word_1_154' title='bbox 300 2815 454 2882; x_wconf 73' lang='lat' dir='ltr'>aunone</span> <span class='ocrx_word' id='word_1_155' title='bbox 468 2815 572 2880; x_wconf 90' lang='lat' dir='ltr'>eciam</span> <span class='ocrx_word' id='word_1_156' title='bbox 594 2813 669 2880; x_wconf 86' lang='lat' dir='ltr'>fons</span> <span class='ocrx_word' id='word_1_157' title='bbox 691 2834 775 2899; x_wconf 92' lang='lat' dir='ltr'>aque</span> <span class='ocrx_word' id='word_1_158' title='bbox 800 2815 835 2878; x_wconf 91' lang='lat' dir='ltr'>in</span> <span class='ocrx_word' id='word_1_159' title='bbox 857 2814 1020 2899; x_wconf 88' lang='lat' dir='ltr'>liquorem</span> <span class='ocrx_word' id='word_1_160' title='bbox 1048 2814 1112 2881; x_wconf 93' lang='lat' dir='ltr'>olei</span> <span class='ocrx_word' id='word_1_161' title='bbox 1131 2834 1249 2880; x_wconf 81' lang='lat' dir='ltr'>versus</span> <span class='ocrx_word' id='word_1_162' title='bbox 1275 2816 1327 2879; x_wconf 92' lang='lat' dir='ltr'>est</span> <span class='ocrx_word' id='word_1_163' title='bbox 1351 2815 1387 2878; x_wconf 90' lang='lat' dir='ltr'>et</span> 
     </span>
     <span class='ocr_line' id='line_1_22' title="bbox 350 2928 941 3017; baseline -0.002 -22"><span class='ocrx_word' id='word_1_164' title='bbox 350 2929 511 3017; x_wconf 86' lang='lat' dir='ltr'>profluxit</span> <span class='ocrx_word' id='word_1_165' title='bbox 531 2928 692 3014; x_wconf 91' lang='lat' dir='ltr'>usquead</span> <span class='ocrx_word' id='word_1_166' title='bbox 713 2928 941 3014; x_wconf 86' lang='lat' dir='ltr'>Tyberiadim.</span> 
     </span>
    </p>

    <p class='ocr_par' dir='ltr' id='par_1_6' title="bbox 351 3044 1388 3475">
     <span class='ocr_line' id='line_1_23' title="bbox 395 3044 1388 3132; baseline -0.003 -21"><span class='ocrx_word' id='word_1_167' title='bbox 395 3044 557 3124; x_wconf 90' lang='lat' dir='ltr'>Secundo,</span> <span class='ocrx_word' id='word_1_168' title='bbox 578 3050 715 3111; x_wconf 90' lang='lat' dir='ltr'>ostensa</span> <span class='ocrx_word' id='word_1_169' title='bbox 732 3050 784 3112; x_wconf 89' lang='lat' dir='ltr'>est</span> <span class='ocrx_word' id='word_1_170' title='bbox 811 3066 871 3132; x_wconf 93' lang='lat' dir='ltr'>per</span> <span class='ocrx_word' id='word_1_171' title='bbox 894 3049 1069 3112; x_wconf 90' lang='lat' dir='ltr'>creaturas</span> <span class='ocrx_word' id='word_1_172' title='bbox 1085 3066 1147 3130; x_wconf 94' lang='lat' dir='ltr'>que</span> <span class='ocrx_word' id='word_1_173' title='bbox 1166 3044 1292 3111; x_wconf 90' lang='lat' dir='ltr'>babent</span> <span class='ocrx_word' id='word_1_174' title='bbox 1314 3064 1388 3109; x_wconf 90' lang='lat' dir='ltr'>esse</span> 
     </span>
     <span class='ocr_line' id='line_1_24' title="bbox 352 3159 1388 3246; baseline -0.002 -20"><span class='ocrx_word' id='word_1_175' title='bbox 352 3165 386 3227; x_wconf 88' lang='lat' dir='ltr'>et</span> <span class='ocrx_word' id='word_1_176' title='bbox 401 3161 527 3244; x_wconf 80' lang='lat' dir='ltr'>vivere,</span> <span class='ocrx_word' id='word_1_177' title='bbox 543 3161 641 3226; x_wconf 90' lang='lat' dir='ltr'>sicuti</span> <span class='ocrx_word' id='word_1_178' title='bbox 662 3159 776 3246; x_wconf 91' lang='lat' dir='ltr'>plante</span> <span class='ocrx_word' id='word_1_179' title='bbox 794 3164 827 3225; x_wconf 92' lang='lat' dir='ltr'>et</span> <span class='ocrx_word' id='word_1_180' title='bbox 843 3160 992 3226; x_wconf 88' lang='lat' dir='ltr'>arbores.</span> <span class='ocrx_word' id='word_1_181' title='bbox 1017 3163 1057 3226; x_wconf 86' lang='lat' dir='ltr'>ln</span> <span class='ocrx_word' id='word_1_182' title='bbox 1074 3161 1138 3225; x_wconf 90' lang='lat' dir='ltr'>hac</span> <span class='ocrx_word' id='word_1_183' title='bbox 1156 3161 1244 3224; x_wconf 91' lang='lat' dir='ltr'>enim</span> <span class='ocrx_word' id='word_1_184' title='bbox 1261 3159 1388 3225; x_wconf 87' lang='lat' dir='ltr'>nativi-</span> 
     </span>
     <span class='ocr_line' id='line_1_25' title="bbox 351 3257 1388 3361; baseline -0.005 -18"><span class='ocrx_word' id='word_1_185' title='bbox 351 3280 422 3343; x_wconf 91' lang='lat' dir='ltr'>tate</span> <span class='ocrx_word' id='word_1_186' title='bbox 440 3275 571 3339; x_wconf 89' lang='lat' dir='ltr'>Domini</span> <span class='ocrx_word' id='word_1_187' title='bbox 584 3276 681 3341; x_wconf 85' lang='lat' dir='ltr'>vinee</span> <span class='ocrx_word' id='word_1_188' title='bbox 701 3275 832 3361; x_wconf 90' lang='lat' dir='ltr'>Engadi</span> <span class='ocrx_word' id='word_1_189' title='bbox 846 3296 908 3360; x_wconf 91' lang='lat' dir='ltr'>que</span> <span class='ocrx_word' id='word_1_190' title='bbox 927 3257 1104 3360; x_wconf 83' lang='lat' dir='ltr'>proferunt</span> <span class='ocrx_word' id='word_1_191' title='bbox 1124 3274 1309 3339; x_wconf 90' lang='lat' dir='ltr'>balsamum</span> <span class='ocrx_word' id='word_1_192' title='bbox 1324 3273 1388 3339; x_wconf 89' lang='lat' dir='ltr'>flo-</span> 
     </span>
     <span class='ocr_line' id='line_1_26' title="bbox 352 3388 1327 3475; baseline -0.002 -20"><span class='ocrx_word' id='word_1_193' title='bbox 352 3394 505 3466; x_wconf 88' lang='lat' dir='ltr'>ruerunt,</span> <span class='ocrx_word' id='word_1_194' title='bbox 532 3388 677 3454; x_wconf 90' lang='lat' dir='ltr'>fructum</span> <span class='ocrx_word' id='word_1_195' title='bbox 695 3389 909 3475; x_wconf 88' lang='lat' dir='ltr'>protulerunt</span> <span class='ocrx_word' id='word_1_196' title='bbox 925 3395 959 3456; x_wconf 92' lang='lat' dir='ltr'>et</span> <span class='ocrx_word' id='word_1_197' title='bbox 973 3390 1134 3475; x_wconf 91' lang='lat' dir='ltr'>liquorem</span> <span class='ocrx_word' id='word_1_198' title='bbox 1152 3388 1327 3455; x_wconf 87' lang='lat' dir='ltr'>dederunt.</span> 
     </span>
    </p>

    <p class='ocr_par' dir='ltr' id='par_1_7' title="bbox 351 3487 1388 3916">
     <span class='ocr_line' id='line_1_27' title="bbox 397 3487 1388 3589; baseline -0.003 -20"><span class='ocrx_word' id='word_1_199' title='bbox 397 3505 525 3581; x_wconf 89' lang='lat' dir='ltr'>Tercio,</span> <span class='ocrx_word' id='word_1_200' title='bbox 541 3524 600 3588; x_wconf 92' lang='lat' dir='ltr'>per</span> <span class='ocrx_word' id='word_1_201' title='bbox 613 3487 787 3569; x_wconf 89' lang='lat' dir='ltr'>creaturas</span> <span class='ocrx_word' id='word_1_202' title='bbox 807 3524 868 3589; x_wconf 92' lang='lat' dir='ltr'>que</span> <span class='ocrx_word' id='word_1_203' title='bbox 882 3505 1007 3572; x_wconf 93' lang='lat' dir='ltr'>babent</span> <span class='ocrx_word' id='word_1_204' title='bbox 1019 3525 1105 3582; x_wconf 86' lang='lat' dir='ltr'>esse,</span> <span class='ocrx_word' id='word_1_205' title='bbox 1120 3507 1233 3571; x_wconf 86' lang='lat' dir='ltr'>vivere</span> <span class='ocrx_word' id='word_1_206' title='bbox 1252 3509 1286 3569; x_wconf 92' lang='lat' dir='ltr'>et</span> <span class='ocrx_word' id='word_1_207' title='bbox 1310 3523 1388 3567; x_wconf 90' lang='lat' dir='ltr'>sen-</span> 
     </span>
     <span class='ocr_line' id='line_1_28' title="bbox 351 3618 1387 3704; baseline -0.004 -19"><span class='ocrx_word' id='word_1_208' title='bbox 351 3620 430 3696; x_wconf 89' lang='lat' dir='ltr'>tire,</span> <span class='ocrx_word' id='word_1_209' title='bbox 457 3624 495 3685; x_wconf 91' lang='lat' dir='ltr'>ut</span> <span class='ocrx_word' id='word_1_210' title='bbox 516 3619 687 3683; x_wconf 89' lang='lat' dir='ltr'>animalia.</span> <span class='ocrx_word' id='word_1_211' title='bbox 710 3618 797 3683; x_wconf 89' lang='lat' dir='ltr'>Nam</span> <span class='ocrx_word' id='word_1_212' title='bbox 816 3618 875 3683; x_wconf 90' lang='lat' dir='ltr'>bos</span> <span class='ocrx_word' id='word_1_213' title='bbox 897 3623 931 3686; x_wconf 91' lang='lat' dir='ltr'>et</span> <span class='ocrx_word' id='word_1_214' title='bbox 955 3621 1070 3685; x_wconf 90' lang='lat' dir='ltr'>asinus</span> <span class='ocrx_word' id='word_1_215' title='bbox 1090 3618 1216 3704; x_wconf 76' lang='lat' dir='ltr'>loseph</span> <span class='ocrx_word' id='word_1_216' title='bbox 1241 3619 1387 3682; x_wconf 89' lang='lat' dir='ltr'>miracu-</span> 
     </span>
     <span class='ocr_line' id='line_1_29' title="bbox 352 3715 1387 3820; baseline -0.002 -21"><span class='ocrx_word' id='word_1_217' title='bbox 352 3736 422 3800; x_wconf 86' lang='lat' dir='ltr'>lose</span> <span class='ocrx_word' id='word_1_218' title='bbox 445 3715 621 3799; x_wconf 85' lang='lat' dir='ltr'>Dominum</span> <span class='ocrx_word' id='word_1_219' title='bbox 646 3738 897 3818; x_wconf 81' lang='lat' dir='ltr'>cognoscentes,</span> <span class='ocrx_word' id='word_1_220' title='bbox 923 3732 1020 3798; x_wconf 81' lang='lat' dir='ltr'>flexis</span> <span class='ocrx_word' id='word_1_221' title='bbox 1052 3734 1202 3820; x_wconf 86' lang='lat' dir='ltr'>genibus,</span> <span class='ocrx_word' id='word_1_222' title='bbox 1230 3731 1387 3799; x_wconf 81' lang='lat' dir='ltr'>adorare·</span> 
     </span>
     <span class='ocr_line' id='line_1_30' title="bbox 353 3854 446 3916; baseline 0.032 -3"><span class='ocrx_word' id='word_1_223' title='bbox 353 3854 446 3916; x_wconf 89' lang='lat' dir='ltr'>runt.</span> 
     </span>
    </p>

    <p class='ocr_par' dir='ltr' id='par_1_8' title="bbox 284 3963 1386 4166">
     <span class='ocr_line' id='line_1_31' title="bbox 304 3963 1386 4051; baseline -0.003 -20"><span class='ocrx_word' id='word_1_224' title='bbox 304 3973 344 4038; x_wconf 86' lang='lat'>30</span> <span class='ocrx_word' id='word_1_225' title='bbox 397 3965 537 4042; x_wconf 86' lang='lat' dir='ltr'>Quarto,</span> <span class='ocrx_word' id='word_1_226' title='bbox 553 3984 613 4051; x_wconf 90' lang='lat' dir='ltr'>per</span> <span class='ocrx_word' id='word_1_227' title='bbox 627 3967 802 4028; x_wconf 87' lang='lat' dir='ltr'>creaturas</span> <span class='ocrx_word' id='word_1_228' title='bbox 818 3982 880 4046; x_wconf 93' lang='lat' dir='ltr'>que</span> <span class='ocrx_word' id='word_1_229' title='bbox 894 3963 1020 4029; x_wconf 89' lang='lat' dir='ltr'>habent</span> <span class='ocrx_word' id='word_1_230' title='bbox 1042 3984 1129 4041; x_wconf 88' lang='lat' dir='ltr'>esse,</span> <span class='ocrx_word' id='word_1_231' title='bbox 1157 3965 1283 4042; x_wconf 85' lang='lat' dir='ltr'>vivere,</span> <span class='ocrx_word' id='word_1_232' title='bbox 1308 3984 1386 4030; x_wconf 91' lang='lat' dir='ltr'>sen-</span> 
     </span>
     <span class='ocr_line' id='line_1_32' title="bbox 284 4078 1385 4166; baseline 0.005 -26"><span class='ocrx_word' id='word_1_233' title='bbox 284 4136 286 4140; x_wconf 81' lang='lat'><em>.</em></span> <span class='ocrx_word' id='word_1_234' title='bbox 354 4083 421 4147; x_wconf 89' lang='lat' dir='ltr'>tire</span> <span class='ocrx_word' id='word_1_235' title='bbox 434 4086 469 4147; x_wconf 85' lang='lat' dir='ltr'>et</span> <span class='ocrx_word' id='word_1_236' title='bbox 481 4080 681 4162; x_wconf 87' lang='lat' dir='ltr'>discernere,</span> <span class='ocrx_word' id='word_1_237' title='bbox 698 4082 736 4147; x_wconf 91' lang='lat' dir='ltr'>ut</span> <span class='ocrx_word' id='word_1_238' title='bbox 748 4078 912 4144; x_wconf 88' lang='lat' dir='ltr'>homines.</span> <span class='ocrx_word' id='word_1_239' title='bbox 928 4079 1016 4148; x_wconf 90' lang='lat' dir='ltr'>Nam</span> <span class='ocrx_word' id='word_1_240' title='bbox 1032 4079 1223 4164; x_wconf 87' lang='lat' dir='ltr'>pastoribus</span> <span class='ocrx_word' id='word_1_241' title='bbox 1246 4081 1385 4166; x_wconf 81' lang='lat' dir='ltr'>angelus</span> 
     </span>
    </p>
   </div>
   <div class='ocr_carea' id='block_1_4' title="bbox 0 0 1594 5012">
    <p class='ocr_par' dir='ltr' id='par_1_9' title="bbox 0 0 1594 5012">
     <span class='ocr_line' id='line_1_33' title="bbox 0 0 1594 5012; baseline 0 0"><span class='ocrx_word' id='word_1_242' title='bbox 0 0 1594 5012; x_wconf 95' lang='lat' dir='ltr'> </span> 
     </span>
    </p>
   </div>
  </div>
 </body>
</html>
