3160 5016
632 499 831 565 -283..

213 649 410 718 ternitatem
425 647 632 733 recipiantur
644 665 704 734 pro
717 641 968 712 dando'fabrioe
985 642 1150 710 dictarum
1170 662 1251 710 nos·

212 770 344 833 irarum
364 745 580 830 ecclesiarum
596 783 655 828 seu
674 759 955 829 monasteriorum
981 764 1142 846 quantum
1165 779 1251 826 unus

213 865 374 969 operator
394 901 458 947 uno
472 880 525 947 die
540 879 664 946 lucrari
679 881 792 967 potest
808 881 869 947 aut
886 877 1032 944 valorem
1044 876 1129 942 lueri
1145 873 1249 964 usque

213 997 255 1065 ad
274 1017 438 1064 sommam
456 997 585 1084 vigenti
598 995 812 1062 denariorum
826 993 868 1061 ad
881 995 1005 1060 minus,

257 1113 303 1181 Ut
319 1118 431 1182 autem
446 1117 609 1201 perpetua
632 1111 794 1179 memoria
809 1115 843 1178 et
860 1111 987 1177 mentio
1009 1095 1250 1197 premissorum

214 1229 404 1316 specialiter
415 1227 595 1307 habeatur,
613 1249 685 1308 nos,
701 1227 839 1318 abbates
852 1233 887 1296 et
907 1232 1091 1297 conventus
1110 1229 1247 1316 prefati,

213 1345 362 1432 presenti
402 1345 649 1430 procuratorio,
676 1348 753 1432 post
782 1344 966 1412 triennium
1002 1343 1126 1413 adata
1150 1346 1250 1412 istius

213 1462 349 1528 minime
384 1461 543 1539 valituro,
582 1460 695 1548 sigilla
731 1465 850 1528 nostra
887 1461 1059 1530 autentica
1093 1460 1250 1527 duximus

213 1579 335 1666 apponi
367 1596 455 1643 anno
486 1577 619 1643 Domini
643 1575 822 1644 millesimo
852 1587 939 1644 cocc·
958 1578 1168 1665 sexagesimo
1187 1598 1251 1645 no·

213 1716 268 1774 ne,
284 1695 338 1762 die
352 1710 409 1761 xx·
425 1693 551 1760 mensis
561 1694 726 1782 januarii,
752 1694 849 1761 nobis
865 1695 939 1782 ipsa
953 1693 1007 1762 die
1033 1696 1068 1761 in
1092 1697 1249 1783 capitulis
1293 1689 1295 1696 ’

213 1811 339 1878 nostris
353 1813 490 1897 propter
503 1811 668 1898 premissa
682 1810 945 1898 capitulantibus
964 1813 1190 1900 congregatis.
1207 1813 1251 1880 Et

213 1927 255 1995 ad
270 1927 430 2015 maJ'orem
450 1926 724 2015 approbationem
738 1929 977 2017 premissorum
997 1933 1171 2016 presentes
1190 1931 1250 1998 lit·

213 2048 305 2110 teras
330 2062 388 2116 seu
412 2062 552 2128 presens
572 2043 741 2131 publicum
770 2045 1032 2112 instrumentum
1060 2046 1189 2134 signari
1217 2051 1252 2113 et

213 2158 354 2226 suscribi
381 2156 522 2227 fecimus
543 2179 631 2226 anno
660 2160 824 2246 predicto,
843 2155 967 2228 mense
990 2181 1070 2228 uero
1090 2160 1252 2229 februarii

212 2276 265 2343 die
277 2287 325 2356 v⁰,
340 2275 522 2343 indictione
535 2276 596 2360 iii‘,
615 2276 831 2363 pontificatus
847 2278 1052 2346 sanctissimi
1067 2279 1102 2343 in
1114 2278 1250 2346 Christo

210 2394 320 2481 patris
335 2413 374 2458 ae
390 2393 516 2458 domini
531 2393 641 2460 nostri
659 2393 784 2460 domini
800 2394 1250 2482 Pauli,divinaprovidentia

211 2530 295 2596 pape
312 2509 458 2594 secundi,
481 2530 570 2576 anno
592 2515 700 2589 sexto,
726 2508 939 2599 presentibus
963 2509 1005 2576 ad
1024 2511 1086 2576 hec
1101 2531 1175 2577 oum
1191 2530 1248 2576 no·

211 2627 300 2694 tario
318 2625 449 2713 publico
476 2626 664 2714 subscripto
681 2627 835 2693 Johanne
852 2627 987 2714 Fremy,
1008 2626 1112 2693 Baldo
1137 2629 1246 2693 Beau-

212 2740 291 2827 fort,
310 2747 344 2810 et
361 2744 470 2810 Alano
493 2744 511 2809 J
515 2744 607 2823 abin,
626 2743 768 2810 Senonis
794 2741 1089 2820 commorantibus
1103 2744 1247 2810 testibus

212 2860 254 2926 ad
274 2861 439 2948 premissa
460 2862 590 2947 vocatis
615 2861 806 2948 specialiter
822 2863 856 2928 et
878 2860 1018 2948 rogatis.

242 3005 278 3052 En
291 3005 376 3066 regard
389 3005 419 3052 de
432 3005 458 3053 la
478 3005 604 3066 signatura
623 3006 654 3053 da
668 3005 764 3052 Nicolas
777 3003 812 3052 du
827 3004 904 3062 Pout,
926 3004 1020 3052 uotaire
1038 3005 1203 3065 apostolique,
1221 3017 1247 3051 se

211 3095 296 3141 trouva
312 3094 337 3141 la
353 3095 464 3143 mention
481 3095 616 3144 suivanta:

207 3195 210 3202 ’
254 3203 298 3269 Et
315 3203 393 3289 quia
411 3223 485 3292 ego,
502 3203 663 3270 Nicolaus
679 3202 720 3271 de
740 3203 859 3283 Ponte,
877 3201 1044 3291 presbiter
1064 3202 1247 3269 Meldensis

210 3318 376 3405 dyocesis,
405 3320 557 3408 publicus
583 3323 788 3390 auctoritate
806 3321 990 3409 apostolica
1009 3322 1166 3408 curisque
1193 3340 1247 3386 ar·

210 3436 464 3526 chlepisoopalis
490 3439 692 3506 Senonensis
717 3439 871 3506 notarius
895 3442 930 3505 et
961 3438 1111 3518 tabellio,
1145 3456 1247 3525 supra

209 3554 458 3621 nominatorum
480 3559 736 3641 procuratorum
763 3555 1019 3634 constitutioni,
1055 3553 1243 3632 oreacioni,

210 3671 446 3751 nominaoioni,
475 3673 655 3759 potestatis
684 3670 828 3749 dationi,
862 3672 1048 3759 caterisque
1072 3670 1245 3759 premissis

208 3787 361 3854 omnibus
376 3793 412 3856 et
423 3790 576 3878 singulis,
594 3789 672 3855 dum
686 3794 787 3876 prout
803 3788 996 3858 scribuntur
1016 3809 1075 3876 per
1093 3786 1245 3875 prelatos

210 3904 421 3972 venerabiles
457 3908 634 3994 religiosos
670 3910 807 3994 propter
830 3906 905 3987 hoc,
931 3910 970 3975 ut
1007 3905 1241 3992 prescribitur,

210 4022 444 4111 capitulariter
471 4028 693 4112 congregatos
728 4029 763 4093 et
791 4025 1014 4112 capitulantes
1038 4023 1242 4102 dicerentur,

210 4145 392 4238 agerentur
418 4146 452 4208 ot
477 4139 609 4220 fierent,
635 4161 774 4238 presens
799 4161 873 4212 cum
901 4139 1045 4216 testibus
1073 4139 1244 4235 prenomi-
