3180 5012
706 492 849 555 ...7.-

296 628 439 717 Capsam
465 631 640 718 habemus,
655 654 715 719 per
735 645 858 702 'manus
882 637 1035 721 proprias
1061 637 1170 704 sancti
1191 637 1293 724 Eligii

252 744 465 823 fabricatam,
487 747 521 810 in
536 766 612 831 qua,
638 753 674 814 ut
689 748 823 832 dicitur,
851 754 885 817 et
903 751 993 835 pium
1011 757 1064 818 est
1087 752 1235 828 credere,
1252 751 1293 816 de

251 861 480 947 corporalibus
500 882 573 927 cum
590 863 708 947 quibus
723 864 843 931 beatus
865 885 952 951 papa
975 865 1159 953 Gregorius
1179 871 1213 933 et
1236 866 1293 932 do·

252 980 327 1042 ctor
339 978 461 1042 missas
473 976 663 1042 celebrabat
675 980 887 1064 partiuncule
902 985 1174 1052 conservantur...

295 1092 499 1171 Alexander,
515 1093 683 1178 presbiter
707 1094 747 1160 de
762 1095 894 1175 Naudo,
910 1097 1102 1182 capellanus
1130 1097 1292 1187 Stephani

253 1207 397 1286 comitis,
416 1207 590 1272 dimidium
607 1209 742 1277 dentem
768 1213 877 1277 sancti
901 1213 1069 1297 Nicholay
1085 1211 1177 1278 dedit
1195 1211 1292 1278 nobis

252 1344 348 1409 quem
364 1343 538 1388 servamus
559 1324 790 1411 inphilateria
806 1327 1006 1395 cristallina.

296 1441 436 1506 Dentem
465 1442 573 1508 sancti
598 1442 698 1506 Marii
726 1442 929 1508 confessoris
956 1463 1015 1528 per
1035 1442 1291 1508 commonachos

140 1605 147 1619 .
253 1558 389 1623 nostros
409 1555 449 1621 de
465 1557 633 1623 Arvernia
643 1557 834 1637 habuimus,
852 1563 885 1624 et
897 1560 930 1623 in
945 1558 1097 1644 predicta
1110 1558 1292 1644 philateria

250 1690 503 1737 conservamus.
1202 1723 1209 1734 .
1302 1665 1339 1726 10
1433 1673 1437 1682 ’

293 1787 465 1870 Reliquias
481 1786 521 1852 de
536 1786 674 1852 brachio
692 1789 801 1853 sancti
819 1787 999 1852 Leonardi.

293 1903 391 1980 Item,
412 1903 575 1987 'reliquias
591 1902 688 1970 beate
701 1904 809 1968 Marie
829 1902 1042 1989 Magdalene.

292 2018 393 2095 Item,
416 2018 577 2104 reliquias
602 2017 643 2082 de
675 2017 791 2103 digitis
822 2021 937 2082 sancte
960 2015 1129 2094 Columba,
1146 2017 1288 2104 virginis

248 2136 283 2198 et
298 2125 475 2217 martyris,
495 2150 744 2198 conservamus.
1273 2124 1275 2128 ’

291 2245 419 2332 Corpus
447 2253 562 2313 sancte
589 2245 857 2323 Theodechildis,
872 2245 1028 2332 virginis,
1049 2266 1112 2331 que
1136 2250 1288 2313 nostrum

212 2394 214 2400 ·
248 2361 404 2429 fundavit
439 2362 680 2428 monasterium
712 2360 876 2425 habemus
902 2359 1063 2428 decenter
1094 2362 1288 2429 asinistris

246 2479 387 2563 majoris
408 2478 528 2545 altaris
546 2481 581 2541 in
597 2497 693 2544 muro
709 2477 770 2542 sub
783 2476 892 2562 lapide
909 2477 960 2542 sui
980 2477 1152 2563 epytaphii
1174 2480 1289 2544 tumu-

246 2593 365 2668 latum,
380 2598 414 2660 et
431 2598 531 2679 caput
547 2592 653 2678 ipsius
673 2591 817 2677 virginis
834 2611 908 2656 cum
929 2595 1070 2676 argento
1087 2591 1129 2656 ad
1144 2591 1286 2657 formam

247 2727 305 2772 sue
327 2707 425 2773 faciei
443 2706 622 2774 fabricate.

290 2825 334 2890 Et
354 2823 497 2889 aliorum
520 2825 740 2910 plurimorum
752 2826 963 2900 sanctorum,
985 2801 1187 2907 martyrum,
1204 2825 1336 2888 con-20
1414 2913 1418 2922 Ι

246 2916 717 3026 ΐεεεοωιῐιειῐᾳυόνίνςίηυω,
734 2958 873 3024 quorum
887 2939 1024 3004 nomina
1036 2938 1089 3004 vel
1105 2941 1283 3026 scripture,
1313 3013 1314 3018 ἵ

244 3058 381 3139 propter
403 3053 595 3120 litterarum
621 3058 825 3121 vestutatem
845 3058 879 3119 et
904 3058 1043 3140 propter
1062 3049 1283 3140 paganorum,

245 3167 528 3252 Euvandalorum,
551 3151 864 3237 Norhtmannorum
890 3173 924 3234 et
947 3168 1165 3254 quorumdam
1183 3171 1286 3256 pessi·

246 3305 374 3349 morum
409 3285 671 3351 inhabitantium
701 3285 978 3361 destructionem,
998 3285 1135 3370 insuper
1167 3291 1287 3373 etper
1380 3339 1382 3344 .

245 3377 453 3464 vastationes
473 3400 601 3485 ignium
620 3399 739 3484 quibus
758 3420 818 3485 per
839 3406 908 3466 tres
929 3400 1022 3464 vices
1040 3399 1165 3467 dictum
1185 3421 1286 3466 ceno·
1383 3489 1386 3494 Δ

245 3502 334 3577 hiim
366 3513 431 3580 fuit
464 3506 654 3581 enormiter,
682 3518 946 3592 concrematum,
976 3527 1119 3602 possunt
1149 3517 1285 3582 minime

245 3630 399 3714 reperiri.
419 3629 659 3716 Sepultureque
683 3631 866 3696 multorum
887 3635 1080 3696 sanctorum
1100 3635 1135 3696 et
1155 3636 1286 3698 sancta·

247 3764 321 3808 rum
346 3746 381 3808 in
401 3745 490 3811 dicto
510 3746 714 3811 monasterio
731 3751 765 3812 et
791 3744 872 3811 dicti
894 3747 1093 3812 monasterii
1108 3748 1284 3832 cymiterio

168 3851 170 3856 ’
246 3862 450 3946 sepultorum
474 3859 601 3928 honore
623 3867 739 3928 carent
766 3862 901 3926 omnino
924 3860 1208 3927 destructionibus
1226 3883 1284 3926 su-

243 3975 417 4060 pradictis.
439 3977 611 4061 Reliquias
636 3996 715 4042 veru
738 3996 820 4060 quas
847 3974 1008 4040 habemus
1028 3981 1061 4042 et
1081 3995 1283 4062 cognoscere
1294 3977 1333 4038 30

241 4111 422 4187 possumus
440 4091 619 4167 secundum
635 4096 787 4160 tenorem
803 4091 920 4158 nostri
946 4093 1142 4164 monasterii
1159 4093 1291 4166 letanie·
