<?xml version="1.0" encoding="UTF-8"?>
<!DOCTYPE html PUBLIC "-//W3C//DTD XHTML 1.0 Transitional//EN"
    "http://www.w3.org/TR/xhtml1/DTD/xhtml1-transitional.dtd">
<html xmlns="http://www.w3.org/1999/xhtml" xml:lang="en" lang="en">
 <head>
  <title>
</title>
<meta http-equiv="Content-Type" content="text/html;charset=utf-8" />
  <meta name='ocr-system' content='tesseract 3.04.00' />
  <meta name='ocr-capabilities' content='ocr_page ocr_carea ocr_par ocr_line ocrx_word'/>
</head>
<body>
  <div class='ocr_page' id='page_1' title='image "./lelivredesreliq00prougoog_0195.png"; bbox 0 0 3168 5012; ppageno 0'>
   <div class='ocr_carea' id='block_1_1' title="bbox 826 526 1023 592">
    <p class='ocr_par' dir='ltr' id='par_1_1' title="bbox 826 526 1023 592">
     <span class='ocr_line' id='line_1_1' title="bbox 826 526 1023 592; baseline 0 -16"><span class='ocrx_word' id='word_1_1' title='bbox 826 526 1023 592; x_wconf 78' lang='lat'>-153-</span> 
     </span>
    </p>
   </div>
   <div class='ocr_carea' id='block_1_2' title="bbox 405 669 1446 1340">
    <p class='ocr_par' dir='ltr' id='par_1_2' title="bbox 405 669 1446 1340">
     <span class='ocr_line' id='line_1_2' title="bbox 407 669 1444 760; baseline 0.001 -22"><span class='ocrx_word' id='word_1_2' title='bbox 407 671 472 740; x_wconf 83' lang='lat' dir='ltr'><strong>fuit</strong></span> <span class='ocrx_word' id='word_1_3' title='bbox 488 670 637 738; x_wconf 78' lang='lat' dir='ltr'><strong>defuncti</strong></span> <span class='ocrx_word' id='word_1_4' title='bbox 648 669 753 747; x_wconf 81' lang='lat' dir='ltr'><strong>Petri,</strong></span> <span class='ocrx_word' id='word_1_5' title='bbox 769 669 901 748; x_wconf 81' lang='lat' dir='ltr'><strong>cleerii,</strong></span> <span class='ocrx_word' id='word_1_6' title='bbox 915 669 996 737; x_wconf 91' lang='lat' dir='ltr'><strong>dicti</strong></span> <span class='ocrx_word' id='word_1_7' title='bbox 1013 669 1054 737; x_wconf 89' lang='lat' dir='ltr'><strong>de</strong></span> <span class='ocrx_word' id='word_1_8' title='bbox 1070 670 1218 760; x_wconf 83' lang='lat' dir='ltr'><strong>Salegni.</strong></span> <span class='ocrx_word' id='word_1_9' title='bbox 1233 673 1276 741; x_wconf 82' lang='lat' dir='ltr'><strong>nt</strong></span> <span class='ocrx_word' id='word_1_10' title='bbox 1290 693 1444 760; x_wconf 86' lang='lat' dir='ltr'><strong>compor-</strong></span> 
     </span>
     <span class='ocr_line' id='line_1_3' title="bbox 405 783 1443 872; baseline -0.003 -15"><span class='ocrx_word' id='word_1_11' title='bbox 405 794 482 858; x_wconf 85' lang='lat' dir='ltr'><strong>tent</strong></span> <span class='ocrx_word' id='word_1_12' title='bbox 502 808 537 853; x_wconf 88' lang='lat' dir='ltr'><strong>ee</strong></span> <span class='ocrx_word' id='word_1_13' title='bbox 556 785 647 853; x_wconf 86' lang='lat' dir='ltr'><strong>dicta</strong></span> <span class='ocrx_word' id='word_1_14' title='bbox 664 783 782 851; x_wconf 87' lang='lat' dir='ltr'><strong>domus</strong></span> <span class='ocrx_word' id='word_1_15' title='bbox 801 789 835 852; x_wconf 95' lang='lat' dir='ltr'><strong>et</strong></span> <span class='ocrx_word' id='word_1_16' title='bbox 849 786 1017 872; x_wconf 81' lang='lat' dir='ltr'><strong>porprisio</strong></span> <span class='ocrx_word' id='word_1_17' title='bbox 1032 791 1111 854; x_wconf 85' lang='lat' dir='ltr'><strong>ente</strong></span> <span class='ocrx_word' id='word_1_18' title='bbox 1126 807 1221 854; x_wconf 84' lang='lat' dir='ltr'><strong>secus</strong></span> <span class='ocrx_word' id='word_1_19' title='bbox 1235 789 1325 856; x_wconf 87' lang='lat' dir='ltr'><strong>viem</strong></span> <span class='ocrx_word' id='word_1_20' title='bbox 1350 809 1443 856; x_wconf 92' lang='lat' dir='ltr'><strong>com-</strong></span> 
     </span>
     <span class='ocr_line' id='line_1_4' title="bbox 411 903 1443 992; baseline -0.001 -21"><span class='ocrx_word' id='word_1_21' title='bbox 411 925 556 983; x_wconf 89' lang='lat' dir='ltr'><strong>munem,</strong></span> <span class='ocrx_word' id='word_1_22' title='bbox 573 908 608 971; x_wconf 92' lang='lat' dir='ltr'><strong>et</strong></span> <span class='ocrx_word' id='word_1_23' title='bbox 622 907 714 970; x_wconf 82' lang='lat' dir='ltr'><strong>retro</strong></span> <span class='ocrx_word' id='word_1_24' title='bbox 727 921 822 968; x_wconf 87' lang='lat' dir='ltr'><strong>secus</strong></span> <span class='ocrx_word' id='word_1_25' title='bbox 834 903 936 968; x_wconf 86' lang='lat' dir='ltr'><strong>aliem</strong></span> <span class='ocrx_word' id='word_1_26' title='bbox 948 905 1036 968; x_wconf 83' lang='lat' dir='ltr'><strong>viam</strong></span> <span class='ocrx_word' id='word_1_27' title='bbox 1052 907 1142 971; x_wconf 85' lang='lat' dir='ltr'><strong>etex</strong></span> <span class='ocrx_word' id='word_1_28' title='bbox 1154 925 1221 970; x_wconf 84' lang='lat' dir='ltr'><strong>una</strong></span> <span class='ocrx_word' id='word_1_29' title='bbox 1233 910 1329 992; x_wconf 83' lang='lat' dir='ltr'><strong>pente</strong></span> <span class='ocrx_word' id='word_1_30' title='bbox 1349 925 1443 972; x_wconf 87' lang='lat' dir='ltr'><strong>secus</strong></span> 
     </span>
     <span class='ocr_line' id='line_1_5' title="bbox 407 1017 1446 1105; baseline 0 -19"><span class='ocrx_word' id='word_1_31' title='bbox 407 1027 518 1087; x_wconf 85' lang='lat' dir='ltr'><strong>ortum</strong></span> <span class='ocrx_word' id='word_1_32' title='bbox 528 1041 586 1085; x_wconf 87' lang='lat' dir='ltr'><strong>seu</strong></span> <span class='ocrx_word' id='word_1_33' title='bbox 596 1018 796 1105; x_wconf 83' lang='lat' dir='ltr'><strong>proprisium</strong></span> <span class='ocrx_word' id='word_1_34' title='bbox 809 1017 1005 1096; x_wconf 85' lang='lat' dir='ltr'><strong>Theobaldi,</strong></span> <span class='ocrx_word' id='word_1_35' title='bbox 1016 1020 1153 1098; x_wconf 90' lang='lat' dir='ltr'><strong>sutoris,</strong></span> <span class='ocrx_word' id='word_1_36' title='bbox 1169 1025 1257 1087; x_wconf 85' lang='lat' dir='ltr'><strong>etex</strong></span> <span class='ocrx_word' id='word_1_37' title='bbox 1270 1021 1378 1088; x_wconf 83' lang='lat' dir='ltr'><strong>alteru</strong></span> <span class='ocrx_word' id='word_1_38' title='bbox 1393 1041 1446 1086; x_wconf 52' lang='lat' dir='ltr'><strong>see</strong></span> 
     </span>
     <span class='ocr_line' id='line_1_6' title="bbox 406 1132 1444 1222; baseline -0.003 -18"><span class='ocrx_word' id='word_1_39' title='bbox 406 1157 464 1204; x_wconf 86' lang='lat' dir='ltr'><strong>cus</strong></span> <span class='ocrx_word' id='word_1_40' title='bbox 478 1140 588 1203; x_wconf 82' lang='lat' dir='ltr'><strong>ortum</strong></span> <span class='ocrx_word' id='word_1_41' title='bbox 600 1135 763 1212; x_wconf 84' lang='lat' dir='ltr'><strong>Emeline,</strong></span> <span class='ocrx_word' id='word_1_42' title='bbox 788 1132 876 1200; x_wconf 90' lang='lat' dir='ltr'><strong>dicte</strong></span> <span class='ocrx_word' id='word_1_43' title='bbox 890 1133 931 1199; x_wconf 91' lang='lat' dir='ltr'><strong>de</strong></span> <span class='ocrx_word' id='word_1_44' title='bbox 954 1135 1047 1213; x_wconf 86' lang='lat' dir='ltr'><strong>Vice,</strong></span> <span class='ocrx_word' id='word_1_45' title='bbox 1068 1141 1169 1222; x_wconf 84' lang='lat' dir='ltr'><strong>prout</strong></span> <span class='ocrx_word' id='word_1_46' title='bbox 1195 1137 1387 1204; x_wconf 79' lang='lat' dir='ltr'><strong>continetur</strong></span> <span class='ocrx_word' id='word_1_47' title='bbox 1408 1139 1444 1202; x_wconf 90' lang='lat' dir='ltr'><strong>in</strong></span> 
     </span>
     <span class='ocr_line' id='line_1_7' title="bbox 409 1251 1446 1340; baseline -0.003 -19"><span class='ocrx_word' id='word_1_48' title='bbox 409 1254 533 1322; x_wconf 86' lang='lat' dir='ltr'><strong>litteris</strong></span> <span class='ocrx_word' id='word_1_49' title='bbox 544 1252 753 1340; x_wconf 85' lang='lat' dir='ltr'><strong>prepositure</strong></span> <span class='ocrx_word' id='word_1_50' title='bbox 760 1251 961 1318; x_wconf 85' lang='lat' dir='ltr'><strong>Senoneneie</strong></span> <span class='ocrx_word' id='word_1_51' title='bbox 969 1255 1004 1320; x_wconf 89' lang='lat' dir='ltr'><strong>et</strong></span> <span class='ocrx_word' id='word_1_52' title='bbox 1010 1253 1046 1318; x_wconf 89' lang='lat' dir='ltr'><strong>in</strong></span> <span class='ocrx_word' id='word_1_53' title='bbox 1056 1253 1180 1321; x_wconf 86' lang='lat' dir='ltr'><strong>litteris</strong></span> <span class='ocrx_word' id='word_1_54' title='bbox 1193 1255 1284 1320; x_wconf 83' lang='lat' dir='ltr'><strong>curie</strong></span> <span class='ocrx_word' id='word_1_55' title='bbox 1295 1251 1446 1321; x_wconf 84' lang='lat' dir='ltr'><strong>officialis</strong></span> 
     </span>
    </p>
   </div>
   <div class='ocr_carea' id='block_1_3' title="bbox 412 1370 627 1437">
    <p class='ocr_par' dir='ltr' id='par_1_3' title="bbox 412 1370 627 1437">
     <span class='ocr_line' id='line_1_8' title="bbox 412 1370 627 1437; baseline -0.014 0"><span class='ocrx_word' id='word_1_56' title='bbox 412 1370 627 1437; x_wconf 86' lang='lat' dir='ltr'><strong>Senonensis.</strong></span> 
     </span>
    </p>
   </div>
   <div class='ocr_carea' id='block_1_4' title="bbox 439 1474 894 1634">
    <p class='ocr_par' dir='ltr' id='par_1_4' title="bbox 439 1474 894 1634">
     <span class='ocr_line' id='line_1_9' title="bbox 443 1474 894 1544; baseline -0.002 -14"><span class='ocrx_word' id='word_1_57' title='bbox 443 1483 608 1543; x_wconf 80' lang='lat' dir='ltr'><strong>Theobetdue,</strong></span> <span class='ocrx_word' id='word_1_58' title='bbox 628 1488 708 1544; x_wconf 80' lang='lat' dir='ltr'><strong>eutcr,</strong></span> <span class='ocrx_word' id='word_1_59' title='bbox 726 1484 753 1530; x_wconf 80' lang='lat' dir='ltr'><strong>ix</strong></span> <span class='ocrx_word' id='word_1_60' title='bbox 766 1496 786 1530; x_wconf 81' lang='lat' dir='ltr'><strong>e.</strong></span> <span class='ocrx_word' id='word_1_61' title='bbox 797 1485 835 1530; x_wconf 87' lang='lat' dir='ltr'><strong>ob.</strong></span> <span class='ocrx_word' id='word_1_62' title='bbox 892 1474 894 1478; x_wconf 73' lang='grc'><strong>’</strong></span> 
     </span>
     <span class='ocr_line' id='line_1_10' title="bbox 439 1573 771 1634; baseline -0.003 -15"><span class='ocrx_word' id='word_1_63' title='bbox 439 1573 579 1634; x_wconf 65' lang='lat' dir='ltr'><strong>Poeticae,</strong></span> <span class='ocrx_word' id='word_1_64' title='bbox 593 1577 673 1631; x_wconf 75' lang='lat' dir='ltr'><strong>sutor,</strong></span> <span class='ocrx_word' id='word_1_65' title='bbox 684 1573 737 1619; x_wconf 68' lang='lat' dir='ltr'><strong>euti</strong></span> <span class='ocrx_word' id='word_1_66' title='bbox 749 1585 771 1628; x_wconf 79' lang='lat' dir='ltr'><strong>e,</strong></span> 
     </span>
    </p>
   </div>
   <div class='ocr_carea' id='block_1_5' title="bbox 408 1771 1447 1942">
    <p class='ocr_par' dir='ltr' id='par_1_5' title="bbox 408 1771 1447 1942">
     <span class='ocr_line' id='line_1_11' title="bbox 631 1771 1227 1832; baseline -0.005 -9"><span class='ocrx_word' id='word_1_67' title='bbox 631 1774 754 1824; x_wconf 79' lang='lat' dir='ltr'>CENSUS</span> <span class='ocrx_word' id='word_1_68' title='bbox 778 1772 871 1832; x_wconf 71' lang='lat' dir='ltr'><strong>QUEM</strong></span> <span class='ocrx_word' id='word_1_69' title='bbox 896 1771 1008 1820; x_wconf 71' lang='lat' dir='ltr'>HABET</span> <span class='ocrx_word' id='word_1_70' title='bbox 1031 1771 1227 1822; x_wconf 76' lang='lat' dir='ltr'>GONVENTUS</span> 
     </span>
     <span class='ocr_line' id='line_1_12' title="bbox 408 1887 1447 1942; baseline -0.005 -2"><span class='ocrx_word' id='word_1_71' title='bbox 408 1891 501 1940; x_wconf 79' lang='lat' dir='ltr'><strong>APUD</strong></span> <span class='ocrx_word' id='word_1_72' title='bbox 512 1888 904 1942; x_wconf 70' lang='lat' dir='ltr'><strong>uenenum-vlcnconlnls</strong></span> <span class='ocrx_word' id='word_1_73' title='bbox 916 1889 959 1937; x_wconf 77' lang='grc' dir='ltr'><strong>ΕΤ</strong></span> <span class='ocrx_word' id='word_1_74' title='bbox 983 1887 1092 1936; x_wconf 76' lang='lat' dir='ltr'>DEBET</span> <span class='ocrx_word' id='word_1_75' title='bbox 1114 1887 1219 1936; x_wconf 81' lang='lat' dir='ltr'>REDDI</span> <span class='ocrx_word' id='word_1_76' title='bbox 1249 1887 1285 1936; x_wconf 87' lang='lat' dir='ltr'><strong>IN</strong></span> <span class='ocrx_word' id='word_1_77' title='bbox 1300 1887 1447 1935; x_wconf 72' lang='lat' dir='ltr'><strong>cunnum</strong></span> 
     </span>
    </p>
   </div>
   <div class='ocr_carea' id='block_1_6' title="bbox 477 2005 1379 2056">
    <p class='ocr_par' dir='ltr' id='par_1_6' title="bbox 477 2005 1379 2056">
     <span class='ocr_line' id='line_1_13' title="bbox 477 2005 1379 2056; baseline -0.003 -1"><span class='ocrx_word' id='word_1_78' title='bbox 477 2007 533 2056; x_wconf 79' lang='lat' dir='ltr'><strong>mn</strong></span> <span class='ocrx_word' id='word_1_79' title='bbox 555 2007 718 2056; x_wconf 72' lang='lat' dir='ltr'><strong>nomlnlce</strong></span> <span class='ocrx_word' id='word_1_80' title='bbox 737 2007 841 2056; x_wconf 74' lang='lat' dir='ltr'><strong>Innnn</strong></span> <span class='ocrx_word' id='word_1_81' title='bbox 868 2007 1015 2055; x_wconf 78' lang='lat' dir='ltr'>OCTABAS</span> <span class='ocrx_word' id='word_1_82' title='bbox 1040 2005 1224 2056; x_wconf 71' lang='lat' dir='ltr'><strong>nnlnnnnln</strong></span> <span class='ocrx_word' id='word_1_83' title='bbox 1247 2005 1379 2054; x_wconf 79' lang='lat' dir='ltr'><strong>DOMINI.</strong></span> 
     </span>
    </p>
   </div>
   <div class='ocr_carea' id='block_1_7' title="bbox 444 2203 1377 2380">
    <p class='ocr_par' dir='ltr' id='par_1_7' title="bbox 444 2203 1377 2380">
     <span class='ocr_line' id='line_1_14' title="bbox 454 2203 1377 2293; baseline -0.002 -23"><span class='ocrx_word' id='word_1_84' title='bbox 454 2205 521 2272; x_wconf 85' lang='lat' dir='ltr'><strong>Pro</strong></span> <span class='ocrx_word' id='word_1_85' title='bbox 541 2210 636 2272; x_wconf 85' lang='lat' dir='ltr'><strong>terra</strong></span> <span class='ocrx_word' id='word_1_86' title='bbox 651 2226 753 2293; x_wconf 87' lang='lat' dir='ltr'><strong>prope</strong></span> <span class='ocrx_word' id='word_1_87' title='bbox 768 2205 928 2272; x_wconf 82' lang='lat' dir='ltr'><strong>Corveies</strong></span> <span class='ocrx_word' id='word_1_88' title='bbox 944 2205 1172 2283; x_wconf 82' lang='lat' dir='ltr'><strong>vicecomitis,</strong></span> <span class='ocrx_word' id='word_1_89' title='bbox 1191 2205 1240 2270; x_wconf 89' lang='lat' dir='ltr'><strong>iiii</strong></span> <span class='ocrx_word' id='word_1_90' title='bbox 1254 2203 1287 2270; x_wconf 88' lang='lat' dir='ltr'><strong>d.</strong></span> <span class='ocrx_word' id='word_1_91' title='bbox 1305 2223 1377 2290; x_wconf 83' lang='lat' dir='ltr'><strong>par.</strong></span> 
     </span>
     <span class='ocr_line' id='line_1_15' title="bbox 444 2317 886 2380; baseline -0.005 -12"><span class='ocrx_word' id='word_1_92' title='bbox 444 2321 548 2368; x_wconf 81' lang='lat' dir='ltr'><strong>Coretus</strong></span> <span class='ocrx_word' id='word_1_93' title='bbox 559 2320 590 2367; x_wconf 89' lang='lat' dir='ltr'><strong>de</strong></span> <span class='ocrx_word' id='word_1_94' title='bbox 603 2317 886 2380; x_wconf 77' lang='lat' dir='ltr'><strong>Melleyo-Vicecomitie.</strong></span> 
     </span>
    </p>
   </div>
   <div class='ocr_carea' id='block_1_8' title="bbox 414 2407 1449 2719">
    <p class='ocr_par' dir='ltr' id='par_1_8' title="bbox 414 2407 1449 2719">
     <span class='ocr_line' id='line_1_16' title="bbox 458 2407 1449 2495; baseline -0.002 -20"><span class='ocrx_word' id='word_1_95' title='bbox 458 2411 524 2475; x_wconf 85' lang='lat' dir='ltr'><strong>Pro</strong></span> <span class='ocrx_word' id='word_1_96' title='bbox 549 2413 643 2476; x_wconf 82' lang='lat' dir='ltr'><strong>terne</strong></span> <span class='ocrx_word' id='word_1_97' title='bbox 671 2409 713 2476; x_wconf 87' lang='lat' dir='ltr'><strong>ed</strong></span> <span class='ocrx_word' id='word_1_98' title='bbox 738 2409 870 2476; x_wconf 87' lang='lat' dir='ltr'><strong>Ulmum</strong></span> <span class='ocrx_word' id='word_1_99' title='bbox 894 2409 934 2476; x_wconf 92' lang='lat' dir='ltr'><strong>de</strong></span> <span class='ocrx_word' id='word_1_100' title='bbox 961 2410 1129 2488; x_wconf 83' lang='lat' dir='ltr'><strong>Oouterel,</strong></span> <span class='ocrx_word' id='word_1_101' title='bbox 1155 2427 1218 2495; x_wconf 92' lang='lat' dir='ltr'><strong>que</strong></span> <span class='ocrx_word' id='word_1_102' title='bbox 1238 2407 1302 2475; x_wconf 84' lang='lat' dir='ltr'><strong>fuit</strong></span> <span class='ocrx_word' id='word_1_103' title='bbox 1332 2408 1449 2475; x_wconf 85' lang='lat' dir='ltr'><strong>Felisii</strong></span> 
     </span>
     <span class='ocr_line' id='line_1_17' title="bbox 414 2524 714 2612; baseline -0.01 -20"><span class='ocrx_word' id='word_1_104' title='bbox 414 2524 586 2612; x_wconf 84' lang='lat' dir='ltr'><strong>Campani,</strong></span> <span class='ocrx_word' id='word_1_105' title='bbox 606 2525 666 2589; x_wconf 86' lang='lat' dir='ltr'><strong>viii</strong></span> <span class='ocrx_word' id='word_1_106' title='bbox 681 2524 714 2591; x_wconf 91' lang='lat' dir='ltr'><strong>d.</strong></span> 
     </span>
     <span class='ocr_line' id='line_1_18' title="bbox 456 2638 1400 2719; baseline -0.002 -13"><span class='ocrx_word' id='word_1_107' title='bbox 456 2642 522 2707; x_wconf 85' lang='lat' dir='ltr'><strong>Pro</strong></span> <span class='ocrx_word' id='word_1_108' title='bbox 535 2646 629 2708; x_wconf 83' lang='lat' dir='ltr'><strong>terre</strong></span> <span class='ocrx_word' id='word_1_109' title='bbox 645 2641 686 2706; x_wconf 87' lang='lat' dir='ltr'><strong>ad</strong></span> <span class='ocrx_word' id='word_1_110' title='bbox 702 2640 829 2708; x_wconf 88' lang='lat' dir='ltr'><strong>dictum</strong></span> <span class='ocrx_word' id='word_1_111' title='bbox 848 2640 981 2707; x_wconf 89' lang='lat' dir='ltr'><strong>Ulmum</strong></span> <span class='ocrx_word' id='word_1_112' title='bbox 999 2641 1033 2706; x_wconf 89' lang='lat' dir='ltr'><strong>i&#39;n</strong></span> <span class='ocrx_word' id='word_1_113' title='bbox 1050 2638 1180 2707; x_wconf 86' lang='lat' dir='ltr'><strong>duobus</strong></span> <span class='ocrx_word' id='word_1_114' title='bbox 1206 2639 1301 2719; x_wconf 79' lang='lat' dir='ltr'><strong>lucie,</strong></span> <span class='ocrx_word' id='word_1_115' title='bbox 1323 2640 1347 2704; x_wconf 91' lang='lat' dir='ltr'><strong>ii</strong></span> <span class='ocrx_word' id='word_1_116' title='bbox 1368 2638 1400 2705; x_wconf 89' lang='lat' dir='ltr'><strong>d.</strong></span> 
     </span>
    </p>
   </div>
   <div class='ocr_carea' id='block_1_9' title="bbox 345 2871 1450 3194">
    <p class='ocr_par' dir='ltr' id='par_1_9' title="bbox 345 2871 1450 3194">
     <span class='ocr_line' id='line_1_19' title="bbox 456 2871 1450 2962; baseline -0.004 -22"><span class='ocrx_word' id='word_1_117' title='bbox 456 2876 542 2942; x_wconf 83' lang='lat' dir='ltr'><strong>Item</strong></span> <span class='ocrx_word' id='word_1_118' title='bbox 564 2895 624 2962; x_wconf 83' lang='lat' dir='ltr'><strong>pro</strong></span> <span class='ocrx_word' id='word_1_119' title='bbox 646 2878 838 2942; x_wconf 84' lang='lat' dir='ltr'><strong>tenemento</strong></span> <span class='ocrx_word' id='word_1_120' title='bbox 855 2871 1007 2942; x_wconf 84' lang='lat' dir='ltr'><strong>defuncti</strong></span> <span class='ocrx_word' id='word_1_121' title='bbox 1024 2874 1161 2941; x_wconf 89' lang='lat' dir='ltr'><strong>Milonis</strong></span> <span class='ocrx_word' id='word_1_122' title='bbox 1183 2873 1290 2941; x_wconf 85' lang='lat' dir='ltr'><strong>Frese</strong></span> <span class='ocrx_word' id='word_1_123' title='bbox 1309 2872 1400 2938; x_wconf 88' lang='lat' dir='ltr'><strong>delez</strong></span> <span class='ocrx_word' id='word_1_124' title='bbox 1419 2871 1450 2937; x_wconf 91' lang='lat' dir='ltr'><strong>le</strong></span> 
     </span>
     <span class='ocr_line' id='line_1_20' title="bbox 345 2990 704 3099; baseline 0.006 -44"><span class='ocrx_word' id='word_1_125' title='bbox 345 3093 347 3099; x_wconf 22' lang='grc' dir='ltr'>Ι</span> <span class='ocrx_word' id='word_1_126' title='bbox 418 2990 569 3070; x_wconf 85' lang='lat' dir='ltr'><strong>Ricoant,</strong></span> <span class='ocrx_word' id='word_1_127' title='bbox 587 2991 636 3057; x_wconf 88' lang='lat' dir='ltr'><strong>iii.</strong></span> <span class='ocrx_word' id='word_1_128' title='bbox 652 2990 704 3058; x_wconf 91' lang='lat' dir='ltr'><strong>ob.</strong></span> 
     </span>
     <span class='ocr_line' id='line_1_21' title="bbox 460 3102 1201 3194; baseline -0.005 -22"><span class='ocrx_word' id='word_1_129' title='bbox 460 3107 545 3173; x_wconf 88' lang='lat' dir='ltr'><strong>Item</strong></span> <span class='ocrx_word' id='word_1_130' title='bbox 560 3126 620 3194; x_wconf 88' lang='lat' dir='ltr'><strong>pro</strong></span> <span class='ocrx_word' id='word_1_131' title='bbox 635 3112 729 3174; x_wconf 85' lang='lat' dir='ltr'><strong>terre</strong></span> <span class='ocrx_word' id='word_1_132' title='bbox 743 3127 843 3194; x_wconf 86' lang='lat' dir='ltr'><strong>super</strong></span> <span class='ocrx_word' id='word_1_133' title='bbox 859 3105 1027 3192; x_wconf 84' lang='lat' dir='ltr'><strong>Roysiaus</strong></span> <span class='ocrx_word' id='word_1_134' title='bbox 1041 3102 1100 3193; x_wconf 85' lang='lat' dir='ltr'>(l),</span> <span class='ocrx_word' id='word_1_135' title='bbox 1124 3105 1148 3169; x_wconf 90' lang='lat' dir='ltr'><strong>ii</strong></span> <span class='ocrx_word' id='word_1_136' title='bbox 1169 3103 1201 3169; x_wconf 90' lang='lat' dir='ltr'><strong>d.</strong></span> 
     </span>
    </p>
   </div>
   <div class='ocr_carea' id='block_1_10' title="bbox 448 3223 727 3400">
    <p class='ocr_par' dir='ltr' id='par_1_10' title="bbox 448 3223 727 3400">
     <span class='ocr_line' id='line_1_22' title="bbox 459 3223 714 3289; baseline -0.004 0"><span class='ocrx_word' id='word_1_137' title='bbox 459 3223 596 3289; x_wconf 85' lang='lat' dir='ltr'><strong>Summe</strong></span> <span class='ocrx_word' id='word_1_138' title='bbox 618 3223 714 3289; x_wconf 86' lang='lat' dir='ltr'><strong>xviii.</strong></span> 
     </span>
     <span class='ocr_line' id='line_1_23' title="bbox 448 3339 727 3400; baseline -0.004 -12"><span class='ocrx_word' id='word_1_139' title='bbox 448 3339 593 3388; x_wconf 79' lang='lat' dir='ltr'><strong>Domus-Dei</strong></span> <span class='ocrx_word' id='word_1_140' title='bbox 604 3342 727 3400; x_wconf 82' lang='lat' dir='ltr'><strong>posterna.</strong></span> 
     </span>
    </p>
   </div>
   <div class='ocr_carea' id='block_1_11' title="bbox 460 3436 998 3522">
    <p class='ocr_par' dir='ltr' id='par_1_11' title="bbox 460 3436 998 3522">
     <span class='ocr_line' id='line_1_24' title="bbox 460 3436 998 3522; baseline -0.002 -18"><span class='ocrx_word' id='word_1_141' title='bbox 460 3439 526 3505; x_wconf 79' lang='lat' dir='ltr'><strong>Pro</strong></span> <span class='ocrx_word' id='word_1_142' title='bbox 540 3440 640 3506; x_wconf 87' lang='lat' dir='ltr'><strong>vinea</strong></span> <span class='ocrx_word' id='word_1_143' title='bbox 659 3438 700 3504; x_wconf 92' lang='lat' dir='ltr'><strong>de</strong></span> <span class='ocrx_word' id='word_1_144' title='bbox 714 3438 748 3504; x_wconf 87' lang='lat' dir='ltr'><strong>le</strong></span> <span class='ocrx_word' id='word_1_145' title='bbox 763 3439 884 3522; x_wconf 84' lang='lat' dir='ltr'><strong>Braye,</strong></span> <span class='ocrx_word' id='word_1_146' title='bbox 899 3440 922 3501; x_wconf 91' lang='lat' dir='ltr'><strong>i.</strong></span> <span class='ocrx_word' id='word_1_147' title='bbox 944 3436 998 3503; x_wconf 91' lang='lat' dir='ltr'><strong>ob.</strong></span> 
     </span>
    </p>
   </div>
   <div class='ocr_carea' id='block_1_12' title="bbox 444 3553 1392 3700">
    <p class='ocr_par' dir='ltr' id='par_1_12' title="bbox 444 3553 1392 3700">
     <span class='ocr_line' id='line_1_25' title="bbox 444 3553 1392 3615; baseline -0.003 -13"><span class='ocrx_word' id='word_1_148' title='bbox 444 3557 585 3602; x_wconf 80' lang='lat' dir='ltr'><strong>Dimidium</strong></span> <span class='ocrx_word' id='word_1_149' title='bbox 597 3555 789 3615; x_wconf 67' lang='lat' dir='ltr'><strong>querno-oona</strong></span> <span class='ocrx_word' id='word_1_150' title='bbox 804 3555 918 3612; x_wconf 73' lang='lat' dir='ltr'><strong>Reunteu</strong></span> <span class='ocrx_word' id='word_1_151' title='bbox 929 3553 1052 3600; x_wconf 80' lang='lat' dir='ltr'><strong>Tcuentne</strong></span> <span class='ocrx_word' id='word_1_152' title='bbox 1065 3554 1178 3602; x_wconf 83' lang='lat' dir='ltr'><strong>Hodeere</strong></span> <span class='ocrx_word' id='word_1_153' title='bbox 1191 3559 1257 3602; x_wconf 81' lang='lat' dir='ltr'><strong>tenet</strong></span> <span class='ocrx_word' id='word_1_154' title='bbox 1265 3555 1332 3612; x_wconf 79' lang='lat' dir='ltr'><strong>quod</strong></span> <span class='ocrx_word' id='word_1_155' title='bbox 1344 3554 1392 3610; x_wconf 75' lang='lat' dir='ltr'><strong>[uit</strong></span> 
     </span>
     <span class='ocr_line' id='line_1_26' title="bbox 448 3643 1039 3700; baseline -0.003 -8"><span class='ocrx_word' id='word_1_156' title='bbox 448 3645 567 3694; x_wconf 87' lang='lat' dir='ltr'><strong>Thiebeut</strong></span> <span class='ocrx_word' id='word_1_157' title='bbox 583 3646 626 3694; x_wconf 86' lang='lat' dir='ltr'><strong>des</strong></span> <span class='ocrx_word' id='word_1_158' title='bbox 637 3645 702 3694; x_wconf 79' lang='lat' dir='ltr'><strong>Guez</strong></span> <span class='ocrx_word' id='word_1_159' title='bbox 713 3643 793 3692; x_wconf 80' lang='lat' dir='ltr'><strong>dictus</strong></span> <span class='ocrx_word' id='word_1_160' title='bbox 807 3644 942 3700; x_wconf 83' lang='lat' dir='ltr'><strong>Quernelez.</strong></span> <span class='ocrx_word' id='word_1_161' title='bbox 961 3643 987 3690; x_wconf 84' lang='lat' dir='ltr'><strong>ix</strong></span> <span class='ocrx_word' id='word_1_162' title='bbox 1000 3644 1039 3691; x_wconf 88' lang='lat' dir='ltr'><strong>ob.</strong></span> 
     </span>
    </p>
   </div>
   <div class='ocr_carea' id='block_1_13' title="bbox 460 3731 959 3834">
    <p class='ocr_par' dir='ltr' id='par_1_13' title="bbox 460 3731 959 3834">
     <span class='ocr_line' id='line_1_27' title="bbox 460 3731 959 3834; baseline -0.01 -32"><span class='ocrx_word' id='word_1_163' title='bbox 460 3736 527 3834; x_wconf 82' lang='lat' dir='ltr'><strong>Pro</strong></span> <span class='ocrx_word' id='word_1_164' title='bbox 543 3735 642 3802; x_wconf 85' lang='lat' dir='ltr'><strong>vinea</strong></span> <span class='ocrx_word' id='word_1_165' title='bbox 666 3734 732 3801; x_wconf 90' lang='lat' dir='ltr'><strong>dou</strong></span> <span class='ocrx_word' id='word_1_166' title='bbox 752 3735 882 3815; x_wconf 85' lang='lat' dir='ltr'><strong>Tertre,</strong></span> <span class='ocrx_word' id='word_1_167' title='bbox 900 3734 911 3798; x_wconf 87' lang='lat' dir='ltr'><strong>i</strong></span> <span class='ocrx_word' id='word_1_168' title='bbox 927 3731 959 3798; x_wconf 90' lang='lat' dir='ltr'><strong>d.</strong></span> 
     </span>
    </p>
   </div>
   <div class='ocr_carea' id='block_1_14' title="bbox 445 3862 740 4000">
    <p class='ocr_par' dir='ltr' id='par_1_14' title="bbox 445 3862 740 4000">
     <span class='ocr_line' id='line_1_28' title="bbox 447 3862 674 3910; baseline -0.004 -1"><span class='ocrx_word' id='word_1_169' title='bbox 447 3862 531 3910; x_wconf 78' lang='lat' dir='ltr'><strong>Petrus</strong></span> <span class='ocrx_word' id='word_1_170' title='bbox 543 3862 674 3910; x_wconf 80' lang='lat' dir='ltr'><strong>Truncoue.</strong></span> 
     </span>
     <span class='ocr_line' id='line_1_29' title="bbox 445 3951 740 4000; baseline -0.007 -3"><span class='ocrx_word' id='word_1_171' title='bbox 445 3951 550 4000; x_wconf 78' lang='lat' dir='ltr'><strong>Tenenot</strong></span> <span class='ocrx_word' id='word_1_172' title='bbox 567 3951 644 4000; x_wconf 82' lang='lat' dir='ltr'><strong>Bullot</strong></span> <span class='ocrx_word' id='word_1_173' title='bbox 666 3952 740 3999; x_wconf 80' lang='lat' dir='ltr'><strong>tenet.</strong></span> 
     </span>
    </p>
   </div>
   <div class='ocr_carea' id='block_1_15' title="bbox 450 4183 705 4248">
    <p class='ocr_par' dir='ltr' id='par_1_15' title="bbox 450 4183 705 4248">
     <span class='ocr_line' id='line_1_30' title="bbox 450 4183 705 4248; baseline 0 -14"><span class='ocrx_word' id='word_1_174' title='bbox 450 4183 485 4248; x_wconf 87' lang='lat'><strong>(1)</strong></span> <span class='ocrx_word' id='word_1_175' title='bbox 498 4186 601 4245; x_wconf 71' lang='lat' dir='ltr'><strong>Reicies,</strong></span> <span class='ocrx_word' id='word_1_176' title='bbox 618 4187 653 4234; x_wconf 82' lang='lat' dir='ltr'><strong>Me</strong></span> <span class='ocrx_word' id='word_1_177' title='bbox 667 4189 705 4234; x_wconf 78' lang='grc'><strong>56.</strong></span> 
     </span>
    </p>
   </div>
   <div class='ocr_carea' id='block_1_16' title="bbox 0 0 1598 5012">
    <p class='ocr_par' dir='ltr' id='par_1_16' title="bbox 0 0 1598 5012">
     <span class='ocr_line' id='line_1_31' title="bbox 0 0 1598 5012; baseline 0 0"><span class='ocrx_word' id='word_1_178' title='bbox 0 0 1598 5012; x_wconf 95' lang='lat' dir='ltr'><strong> </strong></span> 
     </span>
    </p>
   </div>
  </div>
 </body>
</html>
