3164 5016
749 509 928 578 -62-

319 648 549 736 ponendarum
568 669 681 715 rerum
701 669 837 716 suarum
854 651 973 718 habuit
991 626 1198 717 facultatem.
1214 651 1363 719 Eviden-

318 769 372 830 ter
391 785 470 832 vero
491 785 512 830 a
531 767 680 852 puericia
703 765 890 853 disciplinis
909 765 1104 832 liberalibus
1117 768 1308 846 institutus
1327 769 1361 832 in

317 880 432 946 Sicilia
451 901 511 946 sex
523 883 729 948 monasteria
745 882 948 960 construxit,
964 875 999 948 e't
1011 881 1101 946 infra
1115 882 1239 950 Urbem
1256 886 1362 969 septi-

319 1015 422 1073 mum,
436 997 549 1080 inquo
568 996 627 1061 sub
643 996 775 1063 abbatis
792 997 933 1083 imperio
947 997 1119 1063 militavit.
1133 995 1362 1084 Defunctoque

317 1133 405 1199 papa
419 1113 571 1198 Pelagio,
597 1113 725 1179 invitus
749 1132 836 1199 papa
860 1111 1015 1178 efficitur.
1032 1113 1094 1186 Qui
1118 1112 1234 1178 multis
1257 1113 1363 1179 mira-

320 1228 405 1293 culis
413 1231 450 1302 ct
469 1228 596 1295 sanctis
608 1228 731 1296 claruit
743 1228 917 1315 exemplis
930 1231 968 1294 ut
980 1229 1059 1295 Vite
1070 1228 1177 1314 ipsius
1193 1228 1362 1296 volumine

318 1343 498 1429 reperitur.
518 1345 620 1411 Rexit
644 1363 818 1410 romanam
840 1345 1014 1411 ecclesiam
1032 1343 1240 1430 temporibus
1255 1345 1363 1432 impe-

318 1433 469 1524 ratorum
480 1459 637 1526 Mauricii
647 1464 681 1527 et
689 1461 837 1529 Focatis.
848 1460 999 1528 Secundo
1007 1461 1096 1540 ¹dicti
1111 1463 1246 1529 Fooatis
1258 1482 1359 1540 anno,

318 1578 354 1640 et
368 1573 534 1641 dominice
550 1575 795 1642 incarnationis
818 1574 989 1641 000000ο
1007 1576 1124 1660 quinto
1142 1577 1303 1662 migravit
1319 1575 1362 1641 ad

272 1691 436 1774 10vitam.
465 1690 593 1778 Corpus
628 1691 700 1778 ejus
734 1691 902 1778 sepultum
923 1694 988 1767 est,
1014 1690 1069 1756 die
1096 1695 1217 1776 quarto
1245 1689 1361 1776 ydium

317 1807 535 1886 Marciarum,
560 1808 595 1874 in
618 1807 760 1874 ecclesia
786 1807 883 1874 Beati
900 1806 995 1874 Petri
1023 1809 1103 1873 ante
1127 1807 1358 1874 secretarium.

316 1913 435 1992 Multis
451 1944 532 1991 uero
555 1925 742 1992 transactis
758 1922 979 2010 temporibus
998 1921 1140 2005 domnus
1159 1923 1359 2009 Ansagisus,

316 2040 370 2106 vir
405 2039 597 2118 laudabilia,
623 2039 826 2106 Sunonensis
853 2038 1136 2125 archiepiscopus,
1158 2039 1363 2121 alchanne

317 2175 404 2242 papa
427 2157 625 2241 impetravit
645 2159 747 2241 caput
769 2152 912 2240 predicti
937 2154 1047 2220 sancti
1071 2153 1239 2241 Gregorii,
1273 2153 1362 2240 quod

317 2271 353 2334 in
370 2272 577 2337 monasterio
589 2270 704 2337 Sancti
719 2270 813 2336 Petri
827 2270 904 2337 Vivi
916 2269 1040 2356 posuit.
1059 2270 1196 2346 Postea,
1216 2287 1305 2334 anno
1320 2268 1361 2334 ab

269 2463 272 2467 p
317 2385 551 2451 incarnatione
565 2385 698 2449 Domini
721 2385 771 2449 Μο
791 2383 1010 2470 nonagesimo
1026 2383 1157 2467 quinto,
1179 2380 1289 2450 factus
1309 2387 1362 2448 ast

318 2502 502 2565 conventus
515 2498 708 2584 sollempnis
719 2497 929 2575 clericorum,
938 2497 1179 2562 monachorum
1191 2501 1226 2565 et
1234 2498 1359 2583 populi,
1371 2539 1376 2546 «

313 2614 453 2701 jubente
471 2614 592 2680 domno
612 2613 769 2680 Richerio
790 2614 1040 2699 archiepiscopo
1057 2635 1065 2692 ;
1089 2617 1124 2679 et
1152 2615 1233 2679 tunc
1248 2611 1363 2697 predi-

318 2736 408 2798 ctum
439 2751 571 2796 sacrum
593 2733 694 2817 caput
716 2730 901 2816 repositum
925 2728 991 2795 luit
1006 2729 1042 2794 in
1070 2727 1214 2814 quodam
1238 2727 1362 2793 scrinio

269 2851 492 2933 ppargenteO,
510 2845 597 2931 quod
614 2850 732 2932 postea
748 2844 890 2912 domnus
907 2842 1091 2911 Gaufridus
1120 2842 1225 2910 abbas
1255 2843 1364 2910 hono-

317 2961 473 3030 rabiliter
494 2963 682 3030 renovavit.

448 3215 491 3262 DE
515 3214 686 3274 RELIQUIIS
709 3215 811 3263 ΒΕΑΤΙ
836 3214 995 3275 HYLARH,
1021 3215 1172 3263 Erlscom
1195 3213 1239 3260 ΕΤ

729 3330 950 3380 0οΝΒἛ88οΜΒ

237 3529 242 3537 ’
343 3546 505 3622 ¹Sanctus
522 3546 698 3632 HylariuS,
717 3545 930 3612 Pictavensis
954 3543 1142 3630 episcopua,
1160 3542 1201 3608 ob
1218 3542 1363 3611 catholi-

318 3682 392 3728 cam
408 3642 507 3727 fidem
527 3660 593 3729 fuit
613 3659 835 3747 quadriennio
853 3659 940 3747 apud
960 3660 1111 3746 Frigiam
1133 3659 1310 3746 religatus,
1328 3662 1363 3724 et

316 3778 407 3844 inter
434 3777 521 3842 alias
543 3778 690 3844 uirtutes
717 3774 827 3842 fertur
856 3774 943 3860 quod
969 3778 1139 3841 mortuum
1166 3772 1357 3861 suscitarit.

314 3891 412 3958 Anno
447 3891 580 3958 Domini
593 3892 643 3958 Μο
670 3892 887 3978 nonagesimo
909 3891 1039 3976 quinto,
1067 3891 1203 3957 invente
1224 3888 1361 3956 luerunt

316 4007 457 4093 reliquie
484 4007 525 4072 de
552 4008 766 4075 uestimentis
796 4007 915 4094 ipsius,
930 4007 965 4073 in
988 4007 1213 4076 translatione
1239 4006 1361 4093 capitis

315 4123 407 4193 beati
422 4123 588 4212 Gregorii,
603 4147 688 4214 pape
704 4130 740 4194 et
753 4127 867 4213 magni
888 4121 1048 4194 doctoris.
