3168 5012
728 489 929 555 -182-

309 656 311 660 ·
341 635 409 701 Pro
426 634 573 700 Fulooue
588 633 629 699 de
642 634 850 712 Monasterio
865 638 899 700 et
925 633 997 720 ejus
1012 651 1117 700 uxore
1137 633 1187 699 iiii
1206 654 1232 702 s.
1260 611 1332 722 par.

327 749 389 798 Fille
399 750 498 806 Morini,
516 749 634 809 droperii.

330 839 410 904 ¹Pro
426 838 604 925 Guiburgi‚
628 837 749 906 relicta
767 837 946 924 Coignaui,
961 839 995 902 vi
1013 857 1039 902 s.
1058 858 1091 923 p.

330 951 479 1002 Guillelurus
491 951 675 1001 Cambellanus.

327 1042 418 1088 Petrus
429 1043 460 1087 de
471 1041 710 1088 Sancto-Germano.

340 1129 408 1194 Pro
423 1127 586 1210 Guiberio
603 1129 643 1193 de
660 1129 868 1196 Monosterio
884 1150 916 1194 v.
937 1148 964 1193 e.
980 1148 1052 1214 par.

300 1233 304 1244 ⁴
329 1245 416 1292 Thieb.
435 1245 545 1299 Ouutros.

341 1332 408 1398 Pro
429 1331 621 1399 Theobaldo
640 1337 674 1399 et
693 1332 810 1409 Rooin,
824 1351 929 1398 uxore
945 1352 1017 1409 sua,
1038 1353 1059 1397 v
1077 1351 1104 1396 s.
1124 1336 1148 1398 i.

321 1448 469 1506 Stephanus
482 1447 565 1494 comet
581 1447 610 1494 do
626 1447 731 1494 Maleaut
744 1447 769 1494 xl
782 1448 806 1495 d.
819 1452 871 1494 t.-
885 1449 990 1507 Jaoquos
1000 1447 1185 1495 (iusto-Aroma
1197 1460 1230 1494 xx
1242 1447 1267 1494 d.
1285 1451 1300 1493 t.

343 1539 408 1603 Pro
424 1536 613 1614 Salomone,
630 1536 763 1614 elerico,
786 1538 834 1632 xii
855 1557 881 1602 s.
904 1541 930 1604 t.

328 1654 478 1704 Guillolmus
496 1656 519 1699 et
530 1653 671 1712 Geruerius,
684 1651 768 1700 fratres
784 1654 814 1700 do
829 1651 936 1710 Sooieoo,
956 1653 1015 1700 dieti
1027 1654 1137 1712 Bergion
1151 1633 1236 1712 generi
1251 1651 1334 1698 Folisii

296 1749 319 1796 le
331 1748 396 1796 Noir.
409 1770 439 1780 -
453 1747 564 1791 Jocabor
580 1745 681 1800 Duupre
699 1750 772 1790 tenet.

340 1836 406 1901 Pro
426 1832 601 1908 Gaufrido,
615 1831 789 1899 sacerdote
810 1832 850 1897 de
870 1832 1082 1906 Andrisiaco,
1099 1853 1135 1898 v.
1155 1853 1182 1898 s,
1203 1853 1234 1918 p.

327 1952 394 1999 Prior
410 1952 440 1998 de
452 1949 606 1997 Andrisiooa

339 2040 406 2105 Pro
426 2038 574 2115 Andron,
600 2037 766 2114 barberio,
788 2041 822 2104 ei
836 2037 948 2115 Clara,
974 2056 1060 2102 uxor
1078 2057 1151 2114 sua,
1174 2058 1197 2102 x
1217 2058 1244 2102 e.
1263 2041 1288 2103 t.

329 2154 477 2200 flaminicae
494 2149 594 2197 Divitis.

339 2243 445 2327 Super
464 2241 598 2305 domum
616 2244 800 2307 convenius
813 2260 915 2327 prope
933 2245 1068 2326 puteum
1083 2233 1193 2340 platee
1206 2241 1334 2307 Sancti·

297 2356 403 2437 Petri,
424 2355 460 2420 xl
482 2375 509 2419 s,
532 2358 600 2421 tur.

325 2472 454 2520 iohannes
472 2472 503 2516 de
521 2470 638 2530 Erviaao,
656 2471 771 2525 carnifex
786 2475 859 2536 tenet.

341 2558 447 2644 Super
477 2557 610 2623 domum
636 2556 802 2646 lapideam
826 2556 867 2622 ad
899 2563 1030 2643 portam
1055 2529 1329 2636 Sancti-Laenio,

295 2693 367 2737 xxx
384 2691 411 2736 s.
429 2677 455 2739 t.

326 2789 426 2834 cotetae
442 2787 550 2834 Filtons.

339 2876 533 2943 Conventus
557 2875 716 2941 hebetia
742 2877 1006 2963 Pergamenaria
1026 2881 1097 2943 tres
1122 2896 1273 2945 cameras
1299 2884 1333 2946 et

208 3077 210 3083 Ι
294 3010 393 3056 uuam
416 2991 587 3054 minimam
601 2989 640 3053 de
655 2990 773 3074 quibus
787 2991 926 3058 debetur
944 2997 1065 3076 quarta
1078 3013 1155 3078 pars
1170 2993 1333 3079 loquutio-

293 3125 371 3169 uum
387 3105 422 3170 in
441 3104 527 3171 festo
545 3104 1013 3192 Sancti-Johannis-Baptiste
1030 3127 1103 3171 oum
1119 3107 1230 3174 debito
1247 3109 1332 3174 dua-

291 3238 366 3286 rum
390 3219 563 3285 domorum
584 3221 913 3307 supra-scriptarum.

338 3337 401 3399 Pro
423 3337 520 3398 domo
540 3344 656 3399 nostra
676 3337 715 3398 de
734 3335 915 3417 Marcialio,
937 3340 977 3399 in
1000 3355 1065 3417 aaa
1080 3344 1232 3399 moratur
1252 3336 1331 3401 Gre-

289 3449 462 3532 pariundo
484 3449 610 3533 Malaia,
634 3470 682 3513 aa
702 3473 729 3515 r.
743 3470 820 3533 par.
844 3453 888 3515 ad
903 3451 1120 3514 Nativitatem
1141 3451 1278 3517 Domini
1299 3463 1330 3518 et

290 3567 334 3629 aa
352 3569 475 3648 sestam
490 3564 955 3648 Sancti-lahanniaBaptiote.

336 3681 398 3743 Pro
414 3680 510 3743 domo
531 3690 645 3744 nostra
664 3685 704 3747 in
718 3686 790 3746 vieo
804 3679 1271 3766 MolinatiSanati-Johannis‚
1290 3689 1331 3750 in

292 3813 358 3874 qna
374 3803 528 3858 moratur
545 3795 741 3859 Tteoaaatar
756 3794 926 3876 Maserius,
945 3797 998 3858 aii
1009 3813 1036 3858 a.
1048 3813 1123 3877 pan.
1146 3796 1190 3858 ad
1205 3801 1330 3880 fastam

249 3946 250 3950 =
288 3906 589 3973 Sanatiloltannis
609 3919 640 3974 et
656 3911 791 3974 totidem
809 3909 852 3974 ad
873 3909 1086 3975 Nativitatem
1102 3911 1248 3978 Domini.

254 4064 256 4068 -
336 4022 537 4095 Summanu
554 4023 582 4088 st.
603 4029 686 4091 iiis.
703 4029 747 4089 iii
763 4028 796 4088 d.

684 4194 918 4210 fun—mu.
