3164 5016
748 506 925 574 ..36-

319 647 437 714 domus
451 647 492 712 de
506 647 629 716 Sancto
646 647 771 714 Leonio
783 652 817 716 et
832 647 949 720 domus
966 648 1008 716 de
1023 649 1176 716 Parisius
1192 651 1357 738 acquirite

319 761 466 830 luerunt.
488 764 631 850 Insuper
658 767 791 830 centum
818 763 922 832 libras
942 766 1187 844 turonensium,
1210 766 1357 852 quolibet

318 899 407 944 anno
423 879 458 943 in
470 878 652 946 castelleto
667 880 853 948 Parisiensi
865 881 1078 967 procuratori
1091 887 1208 950 nostro
1219 882 1358 949 redden-

319 995 380 1060 das
400 1014 460 1081 per
482 991 710 1064 venditionem
725 995 858 1062 domine
871 996 912 1064 de
927 998 1085 1064 Vasenon
1101 997 1252 1085 predicto
1264 1003 1355 1080 tem·
1439 1045 1441 1052 ι

318 1131 398 1199 pore
436 1111 623 1198 predictum
667 1114 910 1180 monasterium
946 1097 1136 1200 acquisivit.
1176 1115 1353 1184 Predictus

319 1226 423 1296 abbas
443 1247 566 1293 novum
587 1247 670 1314 opus
688 1233 805 1295 nostre
825 1229 976 1308 ecclesie,
996 1229 1083 1316 quod
1099 1231 1185 1299 bone
1197 1235 1355 1299 memorie

319 1343 418 1432 Hugo
432 1344 536 1411 abbas
556 1346 745 1432 inceperat,
771 1350 872 1433 prout
891 1352 1042 1433 apparet,
1065 1348 1209 1435 perfecit
1224 1353 1260 1418 et
1274 1370 1356 1417 oan-

319 1463 421 1530 oellos
436 1483 511 1529 cum
531 1462 678 1541 altariis,
695 1464 837 1550 picturis
852 1467 886 1530 et
908 1465 1027 1532 vitreis
1042 1467 1226 1552 reparavit.
1244 1467 1356 1533 Tabu-

318 1580 386 1651 lam
401 1583 597 1668 argenteam
612 1599 654 1646 ex
667 1599 780 1646 massa
792 1581 938 1669 argenti,
957 1601 1056 1668 quam
1073 1582 1240 1649 Robertus
1253 1583 1356 1651 abbas

272 1696 309 1760 10
319 1698 515 1783 reliquerat,
537 1717 610 1764 cum
624 1702 766 1785 argento
784 1698 825 1764 de
840 1716 900 1765 suo
915 1699 1050 1784 proprio
1067 1696 1202 1784 suisque
1219 1701 1357 1787 sumpti·

318 1814 380 1880 bus
400 1817 435 1882 et
450 1813 640 1879 dorsarium
656 1817 866 1900 argenteum,
881 1813 967 1900 quod
983 1813 1085 1881 altari
1104 1816 1353 1902 superponitur,
1404 1817 1409 1830 '

291 1999 293 2001 ,
320 1931 481 1998 fabricari
505 1929 595 1998 fecit.
619 1930 783 1997 Coronam
807 1934 1015 2017 argenteam,
1036 1931 1071 1995 in
1091 1951 1157 2017 qua
1178 1932 1357 2018 ymagines
1405 1975 1407 1981 ,

319 2052 479 2137 argentee
504 2046 676 2114 duodecim
700 2046 927 2132 apostolorum
949 2048 1177 2127 continentur,
1196 2051 1231 2114 et
1249 2047 1361 2114 taber·

318 2164 475 2232 naculum
492 2168 702 2251 argenteum,
729 2182 802 2230 uum
822 2183 886 2247 quo
902 2162 1053 2248 predicta
1073 2182 1197 2231 corona
1219 2162 1354 2250 pendet,

317 2283 576 2368 ymaginemque
603 2279 701 2347 beate
724 2279 834 2346 Maria
858 2285 1054 2367 argenteam
1080 2280 1170 2347 dicto
1196 2279 1357 2348 taberna-

320 2398 393 2464 culo
407 2417 507 2484 opere
527 2393 668 2463 mirifico
680 2395 863 2475 sedentem,
878 2397 1082 2463 intrinsecus
1100 2397 1236 2464 calicem
1253 2397 1358 2464 deau-

318 2519 430 2582 ratum
440 2512 631 2590 habentem,
645 2517 784 2599 argento
800 2517 835 2580 et
848 2512 976 2580 fabrica
994 2513 1063 2579 suis
1076 2513 1262 2600 sumptibus
1278 2533 1357 2602 aug·

319 2631 494 2697 mentavit.
521 2629 662 2716 Capsam
684 2630 792 2697 sancti
817 2630 990 2697 saviniani
1016 2634 1158 2717 argento
1177 2634 1211 2698 et
1228 2629 1357 2697 labrica

319 2748 476 2815 similiter
496 2747 738 2835 augmentavit.
755 2747 922 2814 Scrinium
942 2751 1152 2834 argenteum,
1171 2746 1204 2811 in
1225 2765 1290 2832 quo
1303 2754 1356 2815 est

269 2878 308 2941 20
318 2870 418 2951 caput
436 2863 527 2930 beati
543 2863 711 2949 Gregorii,
733 2839 927 2949 etquinque
942 2862 1027 2928 alias
1040 2880 1159 2949 capsas
1176 2867 1355 2950 argenteas

318 3003 393 3049 cum
405 2979 553 3057 vasculo,
570 2981 605 3046 iu
617 2999 682 3066 quo
699 2983 751 3046 est
766 2983 865 3065 caput
881 2978 978 3047 beate
993 2978 1261 3059 TheodeohildiS,
1279 3001 1353 3046 oum

318 3099 460 3175 bacinis,
470 3096 604 3184 phialis,
617 3096 775 3164 turibulis
788 3101 823 3164 et
834 3096 1046 3163 candelabris
1059 3116 1101 3163 ex
1114 3101 1257 3185 argento
1273 3096 1354 3166 fecit

318 3215 388 3282 suis
415 3214 602 3301 sumptibus
623 3212 795 3280 fabricari.
815 3213 1016 3280 Indumenta
1037 3213 1262 3303 sacerdotalia
1278 3233 1352 3280 cum

317 3332 409 3417 capis
434 3329 639 3397 chorialibns
665 3329 707 3395 de
733 3330 839 3396 serico
863 3333 898 3396 et
912 3328 1027 3396 multis
1047 3329 1123 3395 aliis
1139 3331 1348 3398 ornamentis

200 3473 202 3478 ,
315 3447 394 3512 huic
413 3445 618 3513 monasterio
637 3445 827 3531 acquisivit.
858 3445 990 3513 Novum
1011 3444 1149 3510 chorum
1171 3446 1353 3513 monacho·

314 3582 389 3629 rum
407 3560 486 3630 lecit
501 3565 535 3628 et
549 3561 777 3649 pavimentum
797 3560 1008 3638 monasterii,
1033 3561 1069 3625 in
1086 3580 1163 3645 quo,
1188 3565 1226 3628 ut
1248 3561 1351 3626 cicius

314 3675 543 3764 perficeretur,
561 3676 695 3744 tumbas
716 3675 935 3762 quarumdam
955 3677 1203 3763 sepulturarum
1225 3676 1266 3742 de
1290 3698 1351 3763 cy-

315 3793 448 3859 miterio
468 3793 547 3879 poni
567 3791 658 3859 lecit.
678 3792 785 3858 Vetus
805 3811 887 3878 opus
908 3793 1107 3858 monasterii
1133 3791 1351 3858 lambrossari

316 3910 395 3977 fecit
411 3913 445 3976 et
460 3909 607 3996 depingi.
623 3908 797 3975 Camenam
815 3908 1022 3976 thesaurarii
1039 3907 1204 3994 lapideam
1220 3909 1255 3974 in
1270 3908 1350 3974 dor-

266 4022 523 4105 :vomitorium
548 4044 614 4112 qua
636 4025 833 4112 quandoque
858 4043 957 4110 capse
985 4029 1020 4091 et
1045 4023 1226 4090 thesaurus
1251 4025 1350 4112 hujus

315 4142 511 4214 monasterii
538 4146 721 4236 ponuntur,
748 4140 822 4215 fleri
842 4140 934 4214 fecit.
963 4141 1189 4218 Refectorium
1217 4147 1252 4215 et
1280 4149 1349 4216 tres
