3164 5016
748 539 791 581 ;.
809 528 853 596 94
872 563 916 579 .-

350 674 506 742 Seuerus
533 675 719 741 Aunnrous.
750 673 820 738 Iste
844 671 908 738 fuit
934 669 1037 737 abbas
1054 671 1283 737 Ferrariensis
1312 676 1347 738 et

308 791 458 879 sepultus
473 790 608 856 ibidem.

352 907 523 973 Vnnuno.
556 907 625 974 Iste
649 905 828 974 transtulit
858 923 998 990 corpora
1029 908 1221 970 sanctorum
1255 923 1348 969 mar-

306 1029 421 1108 tyrum
459 1023 632 1089 Sav'iniani
664 1022 894 1106 sociorumque
925 1020 996 1107 ejus
1030 1022 1065 1085 in
1102 1021 1343 1088 monasterium

306 1138 421 1206 Sancti
437 1139 544 1205 Petri.
569 1138 659 1204 Obiit
674 1157 762 1203 anno
782 1137 913 1202 Domini
935 1137 1032 1202 VlII⁰
1047 1137 1153 1214 LXV,
1175 1137 1219 1202 V⁹
1235 1157 1343 1202 nonas

306 1257 400 1322 Maii.
415 1257 572 1344 Sepultus
587 1256 653 1323 luit
668 1255 755 1343 apud
767 1254 942 1321 Vallirias.
1005 1299 1007 1304 ,

348 1374 444 1440 Enii.
461 1374 536 1452 Hic,
556 1377 673 1440 noster
689 1373 885 1451 monachus,
904 1371 996 1439 dedit
1011 1372 1107 1439 nobis
1124 1374 1269 1439 Auxum.
1289 1375 1345 1440 Ja-

308 1494 360 1557 cet
378 1491 470 1558 intus
482 1491 515 1554 in
533 1490 682 1557 oratorio
697 1489 811 1556 Sancti
826 1488 999 1575 Stephani.

349 1606 550 1672 Ausnoisus.
570 1605 640 1672 Iste
659 1595 843 1670 monachus
863 1602 938 1670 fuit.
956 1603 1146 1672 Transtulit
1160 1605 1251 1671 intus
1266 1624 1341 1670 cor-

260 1723 386 1808 ldpora
402 1726 595 1788 sanctorum
615 1721 750 1800 Leonis,
766 1719 933 1798 Ursicini,
954 1719 1095 1807 Agricii,
1113 1719 1294 1798 Ambrosii,
1308 1726 1342 1788 et

305 1841 499 1904 sanctorum
529 1837 715 1915 Sanctiani,
735 1836 917 1922 Augustini
947 1840 981 1902 et
1010 1837 1112 1904 Beate
1137 1837 1279 1922 virginis
1307 1841 1342 1903 et

304 1957 405 2040 capnt
418 1951 508 2019 beati
520 1952 674 2040 Gregorii
687 1957 721 2020 et
739 1953 900 2040 reliquias
919 1956 1159 2021 Innocentum.·
1175 1954 1194 2018 J
1198 1956 1271 2021 acet
1285 1954 1341 2019 in-

302 2074 357 2137 tus
374 2070 408 2134 in
426 2070 575 2137 oratorio
595 2069 710 2138 Sancti
733 2071 974 2138 Bartholomei.
994 2101 998 2104 ·

344 2185 541 2253 Evaunuus.
560 2187 624 2252 Hic
639 2187 829 2252 monachus·
842 2186 908 2254 luit
922 2186 1044 2254 Sancte
1055 2186 1226 2253 Columbo.
1244 2187 1262 2251 J
1266 2190 1340 2253 acet

302 2301 337 2365 in
357 2301 562 2368 monasterio
576 2300 664 2369 dicte
680 2307 808 2369 saneto.

344 2416 576 2482 Vuaurniuus.
599 2417 663 2483 Hie
677 2417 779 2484 ΧΙΙΙο
801 2418 964 2484 kalendas
985 2419 1176 2486 Decembris
1189 2420 1339 2506 sepultus

282 2583 283 2586 ,
300 2529 365 2597 fuit
384 2532 419 2595 in
436 2532 641 2598 monasterio
658 2532 772 2600 Sancti
786 2533 880 2601 Petri
894 2536 973 2602 Vivi
988 2535 1202 2604 Senonensis
1254 2545 1255 2550 ’

344 2649 432 2714 Isau
451 2649 677 2716 Wanrnnrus.
706 2650 775 2716 lste
795 2670 897 2737 nepos
921 2649 986 2718 fuit
1002 2651 1260 2739 predecessoris.

343 2765 540 2832 Annianus.
570 2767 639 2832 Iste
665 2768 841 2835 renovavit
860 2769 1034 2834 ecclesiam
1055 2771 1158 2838 Beate
1177 2769 1285 2835 Mario
1302 2769 1336 2834 in

230 2879 418 2969 ‘idmajori
442 2882 594 2948 ecclesia.

342 2999 579 3066 Vumunamus.
615 2999 678 3064 Hic
710 2998 775 3067 fuit
802 3002 998 3068 monachus.
1030 3001 1200 3077 Quomodo
1229 3003 1336 3070 voluit

298 3116 446 3182 retinere
460 3113 620 3201 reliquias
640 3115 747 3182 nostri
760 3117 957 3184 monasterii
974 3117 1009 3182 in
1030 3116 1204 3191 Miraculis
1227 3117 1334 3183 sancti

278 3267 280 3271 ·
297 3229 471 3296 Saviniani
486 3231 689 3297 continetur.

345 3345 566 3414 Gannanuus.
585 3347 648 3412 Hic
674 3346 824 3433 sepultus
848 3347 923 3447 fnit·
933 3348 968 3413 in
989 3347 1195 3413 monasterio
1220 3346 1335 3412 Sancti

296 3461 455 3528 Germani
492 3463 820 3544 Autissiodorensis,
859 3465 895 3530 in
935 3484 1000 3550 quo
1042 3463 1225 3532 monachus
1261 3462 1336 3528 fue·

297 3584 361 3645 rat.

336 3694 599 3762 Hmnuuannus.
618 3695 802 3761 Monachus
818 3697 883 3764 luit
900 3697 1015 3764 Sancti
1031 3696 1194 3782 Dyonisii.
1213 3697 1333 3785 Sepul-

294 3817 350 3879 tus
370 3811 435 3880 fuit
454 3813 489 3876 in
507 3812 713 3877 monasterio
728 3811 845 3879 Sancti
860 3812 955 3879 Petri
971 3811 1065 3879 'Vini

337 3927 631 3995 Anonuunauuus.
662 3928 861 3996 Destructor
892 3927 957 3994 init
991 3927 1199 3994 monasterii
1218 3927 1333 3996 Sancti

248 4065 286 4130 30
297 4043 391 4110 Petri
413 4044 507 4110 Vivi·
525 4042 729 4128 Relinquens
746 4063 826 4111 vero
840 4043 974 4109 domum
1001 4043 1329 4131 archiepiscopalem,

297 4158 465 4226 habitauit
487 4160 522 4224 in
549 4159 696 4227 claustro
726 4159 966 4226 monachorum
992 4180 1066 4242 cum
1085 4154 1353 4228 meretricibus
