3180 5012
310 664 462 739 timentis
480 663 642 732 habemus
663 668 894 753 partiunculas
912 687 997 754 quas
1012 669 1196 739 honorilice
1214 693 1352 740 conser-

307 798 439 846 ramus.

507 1089 511 1096 .
596 1049 639 1099 Du
662 1049 888 1100 VESTIMENTIS
912 1049 1064 1100 EJUSDEM

214 1345 217 1354 Ι
274 1245 278 1253 ’
354 1259 451 1326 Auno
468 1259 509 1325 ab
524 1261 758 1326 incarnatione
774 1260 907 1327 Domini
931 1261 981 1327 Μο
995 1261 1214 1348 nonagesimo
1233 1262 1329 1350 quint

229 1389 231 1394 ·
311 1375 450 1442 inventa
481 1375 546 1442 luit
575 1375 716 1461 quedam
745 1376 959 1461 partiuncula
986 1376 1027 1441 de
1060 1362 1263 1443 vestimento
1290 1378 1350 1442 Dei

310 1491 486 1576 genitricis
501 1492 645 1578 virginis
660 1492 771 1558 Mario·
785 1493 820 1557 iu
835 1492 977 1579 quodam
995 1485 1119 1565 scrinio
1144 1493 1179 1556 in
1197 1513 1261 1577 quo
1276 1498 1351 1560 orat
1450 1477 1453 1484 ¹

310 1606 416 1693 capud
431 1607 521 1674 beati
536 1607 691 1694 Gregorii
703 1627 776 1672 cum
794 1606 1132 1694 superscriptionibus
1144 1606 1208 1673 lide
1223 1608 1347 1694 dignis,

206 1776 209 1782 .
311 1725 345 1786 et
372 1725 491 1807 postea
518 1721 604 1786 boue
633 1723 791 1787 memorie
816 1721 956 1787 domnus
982 1703 1166 1788 Gauiridus
1186 1721 1289 1788 abbas
1315 1723 1349 1787 in
1379 1715 1381 1720 ’
1450 1764 1453 1770 -

310 1836 453 1920 quadam
473 1836 590 1903 tabula
609 1857 715 1923 parva
733 1843 895 1924 argentea
913 1841 947 1904 et
964 1836 1152 1904 cristallina
1162 1836 1267 1923 jussit
1286 1809 1351 1904 ho-x

265 1950 449 2017 l0n0rifice
466 1952 671 2018 conservari.

634 2205 677 2252 uu
702 2204 851 2254 onrunrs
876 2186 1026 2270 quosnam

327 2415 330 2422 ’
356 2413 439 2479 Cum
452 2413 552 2480 beata
566 2414 678 2479 Maria
692 2416 802 2480 mater
814 2412 875 2478 filii
889 2414 948 2478 Dei
961 2414 1029 2480 vivi
1042 2418 1076 2480 et
1088 2415 1185 2501 virgo
1198 2435 1272 2480 oum
1284 2416 1351 2481 vir·

310 2528 444 2615 ginibus
481 2533 683 2606 moraretur,
718 2528 868 2613 virgines
901 2527 1116 2594 devotissime
1149 2518 1349 2615 de'oapillis
1449 2604 1451 2608 ,

310 2643 416 2729 ipsius
431 2642 638 2730 collegerunt
651 2647 769 2709 etcum
785 2643 875 2708 omni
885 2644 1076 2709 reverentia
1088 2643 1347 2726 conservabant.

310 2760 356 2826 De
373 2759 492 2856 quibus
514 2758 645 2845 capillis
673 2758 834 2824 babemus
857 2757 1017 2844 reliquias
1041 2779 1115 2824 cum
1133 2760 1284 2844 reliquiis
1309 2759 1350 2825 de

308 2875 510 2942 vestimento
525 2875 561 2941 in
578 2873 694 2974 eadem
715 2875 833 2942 tabula
850 2879 1080 2942 conservatas,

609 3103 611 3110 ⁴
653 3123 697 3170 ou
721 3122 828 3171 uncru
851 3104 1005 3170 urososu

354 3332 572 3419 Supradictus
593 3332 697 3400 abbas
713 3333 799 3400 boue
814 3334 972 3399 memorio
989 3331 1172 3399 Gauiridus
1189 3333 1349 3419 reliquias

310 3450 350 3517 de
367 3451 455 3516 lacte
471 3453 586 3516 nostre
602 3449 741 3516 Domine
756 3447 914 3515 decenter
936 3449 1044 3515 voluit
1064 3449 1098 3512 in
1115 3447 1252 3514 vasculo
1270 3447 1350 3512 oris·

262 3565 430 3635 rotallino
445 3566 661 3652 et'argenteo
676 3564 844 3630 collocari..
863 3565 909 3629 De
922 3562 1114 3650 hujusmodi
1131 3563 1218 3630 lacte
1233 3562 1350 3628 dicunt

309 3680 444 3766 quidam
462 3678 549 3767 quod
568 3681 603 3744 in
621 3679 764 3766 quodam
781 3679 987 3745 monasterio
1008 3678 1177 3764 virginum
1200 3677 1286 3763 quod
1309 3675 1349 3741 de
1390 3670 1394 3677 ’
1432 3695 1434 3698 ·

278 3799 281 3806 “
308 3791 494 3862 Sardanaio
515 3801 655 3862 vocatur
678 3798 730 3863 est
752 3797 876 3881 ymago
896 3794 993 3859 beato
1013 3793 1121 3858 Maria
1144 3779 1287 3878 virginis
1316 3797 1350 3882 et
1427 3798 1431 3806 '

309 3912 429 3978 matris
442 3912 502 3978 Dei
518 3910 623 3976 filium
638 3931 733 3976 suum
746 3912 894 3979 tenentis
910 3914 944 3976 et
959 3911 1056 3995 quasi
1072 3908 1142 3974 filio
1158 3907 1260 3974 ubera
1277 3929 1349 3995 por·

309 4027 475 4112 rigentis;
507 4027 663 4113 equibus
703 4025 860 4092 uberibus
888 4023 1088 4123 miraculose
1111 4024 1231 4091 'oleum
1266 4027 1351 4093 exiit

309 4140 397 4240 quod
424 4141 664 4242 aquibusdam
699 4142 751 4220 lac
781 4141 976 4221 vocabatur,
1009 4140 1088 4238 quia
1123 4140 1165 4205 ab
1194 4139 1351 4216 uberibus
