<?xml version="1.0" encoding="UTF-8"?>
<!DOCTYPE html PUBLIC "-//W3C//DTD XHTML 1.0 Transitional//EN"
    "http://www.w3.org/TR/xhtml1/DTD/xhtml1-transitional.dtd">
<html xmlns="http://www.w3.org/1999/xhtml" xml:lang="en" lang="en">
 <head>
  <title>
</title>
<meta http-equiv="Content-Type" content="text/html;charset=utf-8" />
  <meta name='ocr-system' content='tesseract 3.04.00' />
  <meta name='ocr-capabilities' content='ocr_page ocr_carea ocr_par ocr_line ocrx_word'/>
</head>
<body>
  <div class='ocr_page' id='page_1' title='image "./lelivredesreliq00prougoog_0192.png"; bbox 0 0 3164 5016; ppageno 0'>
   <div class='ocr_carea' id='block_1_1' title="bbox 591 493 788 562">
    <p class='ocr_par' dir='ltr' id='par_1_1' title="bbox 591 493 788 562">
     <span class='ocr_line' id='line_1_1' title="bbox 591 493 788 562; baseline -0.01 -16"><span class='ocrx_word' id='word_1_1' title='bbox 591 493 788 562; x_wconf 76' lang='lat'>..155-</span> 
     </span>
    </p>
   </div>
   <div class='ocr_carea' id='block_1_2' title="bbox 174 635 1208 726">
    <p class='ocr_par' dir='ltr' id='par_1_2' title="bbox 174 635 1208 726">
     <span class='ocr_line' id='line_1_2' title="bbox 174 635 1208 726; baseline -0.006 -22"><span class='ocrx_word' id='word_1_2' title='bbox 174 639 242 705; x_wconf 87' lang='lat' dir='ltr'>dux</span> <span class='ocrx_word' id='word_1_3' title='bbox 256 641 435 726; x_wconf 80' lang='lat' dir='ltr'>Aquitania</span> <span class='ocrx_word' id='word_1_4' title='bbox 452 645 486 709; x_wconf 94' lang='lat' dir='ltr'>et</span> <span class='ocrx_word' id='word_1_5' title='bbox 500 641 683 707; x_wconf 90' lang='lat' dir='ltr'>monachus</span> <span class='ocrx_word' id='word_1_6' title='bbox 696 639 796 726; x_wconf 90' lang='lat' dir='ltr'>hujus</span> <span class='ocrx_word' id='word_1_7' title='bbox 811 638 887 714; x_wconf 90' lang='lat' dir='ltr'>loci,</span> <span class='ocrx_word' id='word_1_8' title='bbox 903 637 999 723; x_wconf 85' lang='lat' dir='ltr'>cujus</span> <span class='ocrx_word' id='word_1_9' title='bbox 1014 635 1208 700; x_wconf 86' lang='lat' dir='ltr'>anni&#39;versa·</span> 
     </span>
    </p>
   </div>
   <div class='ocr_carea' id='block_1_3' title="bbox 173 754 1071 923">
    <p class='ocr_par' dir='ltr' id='par_1_3' title="bbox 173 754 1071 923">
     <span class='ocr_line' id='line_1_3' title="bbox 173 754 1071 841; baseline -0.007 -17"><span class='ocrx_word' id='word_1_10' title='bbox 173 759 260 825; x_wconf 91' lang='lat' dir='ltr'>rium</span> <span class='ocrx_word' id='word_1_11' title='bbox 276 757 429 826; x_wconf 86' lang='lat' dir='ltr'>iacimus.</span> <span class='ocrx_word' id='word_1_12' title='bbox 447 759 562 825; x_wconf 87' lang='lat' dir='ltr'>Abbas</span> <span class='ocrx_word' id='word_1_13' title='bbox 576 758 675 827; x_wconf 89' lang='lat' dir='ltr'>debet</span> <span class='ocrx_word' id='word_1_14' title='bbox 689 758 868 825; x_wconf 83' lang='lat' dir='ltr'>elemosine</span> <span class='ocrx_word' id='word_1_15' title='bbox 886 755 933 821; x_wconf 84' lang='lat' dir='ltr'>xii</span> <span class='ocrx_word' id='word_1_16' title='bbox 950 754 982 820; x_wconf 93' lang='lat' dir='ltr'>d.</span> <span class='ocrx_word' id='word_1_17' title='bbox 999 773 1071 841; x_wconf 90' lang='lat' dir='ltr'>par.</span> 
     </span>
     <span class='ocr_line' id='line_1_4' title="bbox 205 875 382 923; baseline 0 -1"><span class='ocrx_word' id='word_1_18' title='bbox 205 875 286 923; x_wconf 80' lang='lat' dir='ltr'>mnas</span> <span class='ocrx_word' id='word_1_19' title='bbox 303 875 382 923; x_wconf 75' lang='lat' dir='ltr'>cenet.</span> 
     </span>
    </p>
   </div>
   <div class='ocr_carea' id='block_1_4' title="bbox 176 955 1212 1166">
    <p class='ocr_par' dir='ltr' id='par_1_4' title="bbox 176 955 1212 1166">
     <span class='ocr_line' id='line_1_5' title="bbox 176 955 1211 1049; baseline -0.002 -21"><span class='ocrx_word' id='word_1_20' title='bbox 176 1013 179 1020; x_wconf 87' lang='lat'><em>.</em></span> <span class='ocrx_word' id='word_1_21' title='bbox 219 963 504 1030; x_wconf 86' lang='lat' dir='ltr'>7.-V11Yd.-</span> <span class='ocrx_word' id='word_1_22' title='bbox 523 955 809 1040; x_wconf 62' lang='lat' dir='ltr'>oblitterandus,</span> <span class='ocrx_word' id='word_1_23' title='bbox 827 961 935 1041; x_wconf 89' lang='lat' dir='ltr'>miles,</span> <span class='ocrx_word' id='word_1_24' title='bbox 955 981 1016 1049; x_wconf 91' lang='lat' dir='ltr'>pro</span> <span class='ocrx_word' id='word_1_25' title='bbox 1031 979 1095 1048; x_wconf 91' lang='lat' dir='ltr'>quo</span> <span class='ocrx_word' id='word_1_26' title='bbox 1112 957 1211 1026; x_wconf 87' lang='lat' dir='ltr'>debet</span> 
     </span>
     <span class='ocr_line' id='line_1_6' title="bbox 176 1073 1212 1166; baseline -0.003 -22"><span class='ocrx_word' id='word_1_27' title='bbox 176 1077 380 1146; x_wconf 85' lang='lat' dir='ltr'>infirmarius</span> <span class='ocrx_word' id='word_1_28' title='bbox 402 1101 423 1146; x_wconf 89' lang='lat' dir='ltr'>v</span> <span class='ocrx_word' id='word_1_29' title='bbox 442 1098 470 1144; x_wconf 88' lang='lat' dir='ltr'>s.</span> <span class='ocrx_word' id='word_1_30' title='bbox 492 1099 565 1166; x_wconf 90' lang='lat' dir='ltr'>par.</span> <span class='ocrx_word' id='word_1_31' title='bbox 588 1098 688 1166; x_wconf 86' lang='lat' dir='ltr'>super</span> <span class='ocrx_word' id='word_1_32' title='bbox 713 1077 759 1144; x_wconf 91' lang='lat' dir='ltr'>lx.</span> <span class='ocrx_word' id='word_1_33' title='bbox 789 1077 926 1156; x_wconf 71' lang='lat' dir='ltr'>solidor,</span> <span class='ocrx_word' id='word_1_34' title='bbox 959 1095 1041 1163; x_wconf 87' lang='lat' dir='ltr'>qnos</span> <span class='ocrx_word' id='word_1_35' title='bbox 1070 1073 1212 1162; x_wconf 82' lang='lat' dir='ltr'>percipit</span> 
     </span>
    </p>
   </div>
   <div class='ocr_carea' id='block_1_5' title="bbox 175 1190 1209 1378">
    <p class='ocr_par' dir='ltr' id='par_1_5' title="bbox 175 1190 1209 1378">
     <span class='ocr_line' id='line_1_7' title="bbox 175 1190 1209 1281; baseline -0.006 -21"><span class='ocrx_word' id='word_1_36' title='bbox 175 1196 350 1263; x_wconf 83' lang='lat' dir='ltr'>annuatim</span> <span class='ocrx_word' id='word_1_37' title='bbox 368 1196 403 1260; x_wconf 92' lang='lat' dir='ltr'>in</span> <span class='ocrx_word' id='word_1_38' title='bbox 422 1193 508 1263; x_wconf 87' lang='lat' dir='ltr'>festo</span> <span class='ocrx_word' id='word_1_39' title='bbox 524 1194 895 1262; x_wconf 85' lang='lat' dir='ltr'>Omnium-Sanctorum</span> <span class='ocrx_word' id='word_1_40' title='bbox 913 1193 1057 1281; x_wconf 88' lang='lat' dir='ltr'>apriore</span> <span class='ocrx_word' id='word_1_41' title='bbox 1073 1190 1209 1260; x_wconf 90' lang='lat' dir='ltr'>Sancti-</span> 
     </span>
     <span class='ocr_line' id='line_1_8' title="bbox 178 1311 297 1378; baseline 0 -2"><span class='ocrx_word' id='word_1_42' title='bbox 178 1311 297 1378; x_wconf 86' lang='lat' dir='ltr'>Baudi.</span> 
     </span>
    </p>
   </div>
   <div class='ocr_carea' id='block_1_6' title="bbox 207 1427 1212 1604">
    <p class='ocr_par' dir='ltr' id='par_1_6' title="bbox 207 1427 1212 1604">
     <span class='ocr_line' id='line_1_9' title="bbox 207 1427 370 1475; baseline 0.006 -1"><span class='ocrx_word' id='word_1_43' title='bbox 207 1427 370 1475; x_wconf 77' lang='lat' dir='ltr'>murmanus.</span> 
     </span>
     <span class='ocr_line' id='line_1_10' title="bbox 221 1515 1212 1604; baseline -0.005 -21"><span class='ocrx_word' id='word_1_44' title='bbox 221 1516 313 1584; x_wconf 89' lang='lat' dir='ltr'>Obiit</span> <span class='ocrx_word' id='word_1_45' title='bbox 334 1516 441 1583; x_wconf 85' lang='lat' dir='ltr'>Guido</span> <span class='ocrx_word' id='word_1_46' title='bbox 457 1515 498 1583; x_wconf 87' lang='lat' dir='ltr'>de</span> <span class='ocrx_word' id='word_1_47' title='bbox 516 1516 666 1599; x_wconf 88' lang='lat' dir='ltr'>Lisiniis,</span> <span class='ocrx_word' id='word_1_48' title='bbox 686 1516 875 1604; x_wconf 82' lang='lat' dir='ltr'>presbyter,</span> <span class='ocrx_word' id='word_1_49' title='bbox 897 1515 1089 1603; x_wconf 81' lang='lat' dir='ltr'>capellanus</span> <span class='ocrx_word' id='word_1_50' title='bbox 1105 1533 1212 1599; x_wconf 91' lang='lat' dir='ltr'>quon-</span> 
     </span>
    </p>
   </div>
   <div class='ocr_carea' id='block_1_7' title="bbox 178 1629 1213 1834">
    <p class='ocr_par' dir='ltr' id='par_1_7' title="bbox 178 1629 1213 1834">
     <span class='ocr_line' id='line_1_11' title="bbox 178 1629 1213 1719; baseline -0.004 -21"><span class='ocrx_word' id='word_1_51' title='bbox 178 1633 254 1699; x_wconf 88' lang='lat' dir='ltr'>dam</span> <span class='ocrx_word' id='word_1_52' title='bbox 268 1632 500 1718; x_wconf 78' lang='lat' dir='ltr'>doMaleyotO,</span> <span class='ocrx_word' id='word_1_53' title='bbox 520 1634 577 1719; x_wconf 91' lang='lat' dir='ltr'>qui</span> <span class='ocrx_word' id='word_1_54' title='bbox 591 1631 684 1700; x_wconf 90' lang='lat' dir='ltr'>dedit</span> <span class='ocrx_word' id='word_1_55' title='bbox 696 1653 725 1699; x_wconf 91' lang='lat' dir='ltr'>c.</span> <span class='ocrx_word' id='word_1_56' title='bbox 745 1631 805 1698; x_wconf 89' lang='lat' dir='ltr'>sol.</span> <span class='ocrx_word' id='word_1_57' title='bbox 822 1637 890 1700; x_wconf 92' lang='lat' dir='ltr'>tur.</span> <span class='ocrx_word' id='word_1_58' title='bbox 910 1632 952 1698; x_wconf 90' lang='lat' dir='ltr'>ad</span> <span class='ocrx_word' id='word_1_59' title='bbox 969 1630 1126 1698; x_wconf 88' lang='lat' dir='ltr'>emendos</span> <span class='ocrx_word' id='word_1_60' title='bbox 1140 1629 1213 1696; x_wconf 89' lang='lat' dir='ltr'>red·</span> 
     </span>
     <span class='ocr_line' id='line_1_12' title="bbox 178 1745 1213 1834; baseline -0.004 -20"><span class='ocrx_word' id='word_1_61' title='bbox 178 1748 280 1816; x_wconf 88' lang='lat' dir='ltr'>ditus.</span> <span class='ocrx_word' id='word_1_62' title='bbox 291 1749 358 1815; x_wconf 93' lang='lat' dir='ltr'>Pro</span> <span class='ocrx_word' id='word_1_63' title='bbox 370 1749 449 1832; x_wconf 89' lang='lat' dir='ltr'>isto,</span> <span class='ocrx_word' id='word_1_64' title='bbox 459 1748 561 1816; x_wconf 86' lang='lat' dir='ltr'>habet</span> <span class='ocrx_word' id='word_1_65' title='bbox 570 1752 753 1816; x_wconf 86' lang='lat' dir='ltr'>conventus</span> <span class='ocrx_word' id='word_1_66' title='bbox 766 1768 865 1834; x_wconf 88' lang='lat' dir='ltr'>super</span> <span class='ocrx_word' id='word_1_67' title='bbox 877 1746 1010 1814; x_wconf 91' lang='lat' dir='ltr'>domum</span> <span class='ocrx_word' id='word_1_68' title='bbox 1021 1751 1055 1814; x_wconf 89' lang='lat' dir='ltr'>et</span> <span class='ocrx_word' id='word_1_69' title='bbox 1067 1745 1213 1824; x_wconf 87' lang='lat' dir='ltr'>vineam,</span> 
     </span>
    </p>
   </div>
   <div class='ocr_carea' id='block_1_8' title="bbox 178 1864 411 1952">
    <p class='ocr_par' dir='ltr' id='par_1_8' title="bbox 178 1864 411 1952">
     <span class='ocr_line' id='line_1_13' title="bbox 178 1864 411 1952; baseline -0.009 -20"><span class='ocrx_word' id='word_1_70' title='bbox 178 1865 235 1932; x_wconf 89' lang='lat' dir='ltr'>hie</span> <span class='ocrx_word' id='word_1_71' title='bbox 254 1864 411 1952; x_wconf 86' lang='lat' dir='ltr'>scriptas.</span> 
     </span>
    </p>
   </div>
   <div class='ocr_carea' id='block_1_9' title="bbox 179 1982 1215 2229">
    <p class='ocr_par' dir='ltr' id='par_1_9' title="bbox 179 1982 1215 2229">
     <span class='ocr_line' id='line_1_14' title="bbox 208 1982 1214 2054; baseline -0.002 -18"><span class='ocrx_word' id='word_1_72' title='bbox 208 1989 275 2036; x_wconf 84' lang='lat' dir='ltr'>Istud</span> <span class='ocrx_word' id='word_1_73' title='bbox 290 1988 488 2036; x_wconf 81' lang='lat' dir='ltr'>anniversarium</span> <span class='ocrx_word' id='word_1_74' title='bbox 506 1992 660 2049; x_wconf 82' lang='lat' dir='ltr'>computatur</span> <span class='ocrx_word' id='word_1_75' title='bbox 675 1988 703 2036; x_wconf 88' lang='lat' dir='ltr'>in</span> <span class='ocrx_word' id='word_1_76' title='bbox 717 1989 857 2050; x_wconf 84' lang='lat' dir='ltr'>Novembri,</span> <span class='ocrx_word' id='word_1_77' title='bbox 870 1988 929 2047; x_wconf 87' lang='lat' dir='ltr'>quia</span> <span class='ocrx_word' id='word_1_78' title='bbox 942 1982 969 2035; x_wconf 91' lang='lat' dir='ltr'>in</span> <span class='ocrx_word' id='word_1_79' title='bbox 986 1986 1047 2034; x_wconf 79' lang='lat' dir='ltr'>lusto</span> <span class='ocrx_word' id='word_1_80' title='bbox 1062 1985 1214 2054; x_wconf 83' lang='lat' dir='ltr'>Sancti-Mar-</span> 
     </span>
     <span class='ocr_line' id='line_1_15' title="bbox 179 2076 1214 2139; baseline -0.002 -15"><span class='ocrx_word' id='word_1_81' title='bbox 179 2078 226 2125; x_wconf 88' lang='lat' dir='ltr'>tini</span> <span class='ocrx_word' id='word_1_82' title='bbox 242 2077 363 2139; x_wconf 81' lang='lat' dir='ltr'>hyemalis</span> <span class='ocrx_word' id='word_1_83' title='bbox 379 2079 480 2126; x_wconf 86' lang='lat' dir='ltr'>debetur</span> <span class='ocrx_word' id='word_1_84' title='bbox 495 2091 553 2126; x_wconf 87' lang='lat' dir='ltr'>cum</span> <span class='ocrx_word' id='word_1_85' title='bbox 569 2077 627 2126; x_wconf 85' lang='lat' dir='ltr'>aliis</span> <span class='ocrx_word' id='word_1_86' title='bbox 643 2077 822 2125; x_wconf 85' lang='lat' dir='ltr'>anniversariis</span> <span class='ocrx_word' id='word_1_87' title='bbox 839 2091 887 2137; x_wconf 87' lang='lat' dir='ltr'>quc</span> <span class='ocrx_word' id='word_1_88' title='bbox 905 2077 995 2125; x_wconf 88' lang='lat' dir='ltr'>debent</span> <span class='ocrx_word' id='word_1_89' title='bbox 1012 2077 1085 2134; x_wconf 82' lang='lat' dir='ltr'>solvi,</span> <span class='ocrx_word' id='word_1_90' title='bbox 1103 2077 1130 2124; x_wconf 92' lang='lat' dir='ltr'>in</span> <span class='ocrx_word' id='word_1_91' title='bbox 1147 2076 1214 2124; x_wconf 86' lang='lat' dir='ltr'>dicto</span> 
     </span>
     <span class='ocr_line' id='line_1_16' title="bbox 180 2163 1215 2229; baseline -0.001 -15"><span class='ocrx_word' id='word_1_92' title='bbox 180 2166 247 2229; x_wconf 84' lang='lat' dir='ltr'>leste,</span> <span class='ocrx_word' id='word_1_93' title='bbox 263 2169 295 2216; x_wconf 84' lang='lat' dir='ltr'>ab</span> <span class='ocrx_word' id='word_1_94' title='bbox 307 2168 358 2216; x_wconf 84' lang='lat' dir='ltr'>illis</span> <span class='ocrx_word' id='word_1_95' title='bbox 369 2163 413 2228; x_wconf 64' lang='lat' dir='ltr'>dui</span> <span class='ocrx_word' id='word_1_96' title='bbox 424 2170 507 2216; x_wconf 83' lang='lat' dir='ltr'>tenent</span> <span class='ocrx_word' id='word_1_97' title='bbox 519 2168 653 2227; x_wconf 82' lang='lat' dir='ltr'>quemdam</span> <span class='ocrx_word' id='word_1_98' title='bbox 666 2167 766 2216; x_wconf 90' lang='lat' dir='ltr'>domum</span> <span class='ocrx_word' id='word_1_99' title='bbox 776 2168 842 2226; x_wconf 85' lang='lat' dir='ltr'>apud</span> <span class='ocrx_word' id='word_1_100' title='bbox 854 2165 1145 2228; x_wconf 82' lang='lat' dir='ltr'>lluleyum·Viceoomitis</span> <span class='ocrx_word' id='word_1_101' title='bbox 1157 2177 1215 2213; x_wconf 89' lang='lat' dir='ltr'>cum</span> 
     </span>
    </p>
   </div>
   <div class='ocr_carea' id='block_1_10' title="bbox 78 2255 1218 2316">
    <p class='ocr_par' dir='ltr' id='par_1_10' title="bbox 78 2255 1218 2316">
     <span class='ocr_line' id='line_1_17' title="bbox 78 2255 1218 2316; baseline -0.005 -8"><span class='ocrx_word' id='word_1_102' title='bbox 78 2303 81 2308; x_wconf 87' lang='lat'><em>.</em></span> <span class='ocrx_word' id='word_1_103' title='bbox 179 2257 301 2316; x_wconf 84' lang='lat' dir='ltr'>porprisia</span> <span class='ocrx_word' id='word_1_104' title='bbox 310 2259 334 2304; x_wconf 86' lang='lat' dir='ltr'>et</span> <span class='ocrx_word' id='word_1_105' title='bbox 343 2269 422 2305; x_wconf 87' lang='lat' dir='ltr'>unum</span> <span class='ocrx_word' id='word_1_106' title='bbox 435 2260 563 2316; x_wconf 75' lang='lat' dir='ltr'>arpentum</span> <span class='ocrx_word' id='word_1_107' title='bbox 575 2257 648 2304; x_wconf 87' lang='lat' dir='ltr'>vinee</span> <span class='ocrx_word' id='word_1_108' title='bbox 662 2256 737 2304; x_wconf 84' lang='lat' dir='ltr'>situm</span> <span class='ocrx_word' id='word_1_109' title='bbox 749 2257 776 2304; x_wconf 91' lang='lat' dir='ltr'>in</span> <span class='ocrx_word' id='word_1_110' title='bbox 790 2256 843 2304; x_wconf 85' lang='lat' dir='ltr'>loco</span> <span class='ocrx_word' id='word_1_111' title='bbox 853 2257 897 2315; x_wconf 87' lang='lat' dir='ltr'>qui</span> <span class='ocrx_word' id='word_1_112' title='bbox 907 2256 997 2304; x_wconf 88' lang='lat' dir='ltr'>dicitur</span> <span class='ocrx_word' id='word_1_113' title='bbox 1012 2255 1218 2316; x_wconf 85' lang='lat' dir='ltr'>Super-Crucem·</span> 
     </span>
    </p>
   </div>
   <div class='ocr_carea' id='block_1_11' title="bbox 181 2347 1219 3513">
    <p class='ocr_par' dir='ltr' id='par_1_11' title="bbox 181 2347 432 2407">
     <span class='ocr_line' id='line_1_18' title="bbox 181 2347 432 2407; baseline -0.004 -13"><span class='ocrx_word' id='word_1_114' title='bbox 181 2347 370 2407; x_wconf 80' lang='lat' dir='ltr'>de-Pasquiuco.</span> <span class='ocrx_word' id='word_1_115' title='bbox 430 2375 432 2379; x_wconf 93' lang='lat'><em>-</em></span> 
     </span>
    </p>

    <p class='ocr_par' dir='ltr' id='par_1_12' title="bbox 181 2443 1219 3333">
     <span class='ocr_line' id='line_1_19' title="bbox 224 2443 1215 2536; baseline -0.004 -24"><span class='ocrx_word' id='word_1_116' title='bbox 224 2447 309 2512; x_wconf 85' lang='lat'>8.-</span> <span class='ocrx_word' id='word_1_117' title='bbox 322 2446 371 2512; x_wconf 89' lang='lat' dir='ltr'>Vl</span> <span class='ocrx_word' id='word_1_118' title='bbox 384 2445 450 2510; x_wconf 89' lang='lat' dir='ltr'>Yd.</span> <span class='ocrx_word' id='word_1_119' title='bbox 477 2481 518 2494; x_wconf 91' lang='lat'>-</span> <span class='ocrx_word' id='word_1_120' title='bbox 543 2443 635 2513; x_wconf 92' lang='lat' dir='ltr'>Obiit</span> <span class='ocrx_word' id='word_1_121' title='bbox 652 2444 816 2512; x_wconf 87' lang='lat' dir='ltr'>Girardus</span> <span class='ocrx_word' id='word_1_122' title='bbox 837 2444 878 2510; x_wconf 92' lang='lat' dir='ltr'>de</span> <span class='ocrx_word' id='word_1_123' title='bbox 898 2444 1079 2536; x_wconf 76' lang='lat' dir='ltr'>Plaisseto,</span> <span class='ocrx_word' id='word_1_124' title='bbox 1105 2443 1215 2520; x_wconf 89' lang='lat' dir='ltr'>miles,</span> 
     </span>
     <span class='ocr_line' id='line_1_20' title="bbox 181 2560 1216 2647; baseline -0.005 -20"><span class='ocrx_word' id='word_1_125' title='bbox 181 2563 237 2647; x_wconf 90' lang='lat' dir='ltr'>qui</span> <span class='ocrx_word' id='word_1_126' title='bbox 253 2560 345 2628; x_wconf 86' lang='lat' dir='ltr'>dedit</span> <span class='ocrx_word' id='word_1_127' title='bbox 361 2580 460 2626; x_wconf 90' lang='lat' dir='ltr'>unam</span> <span class='ocrx_word' id='word_1_128' title='bbox 473 2565 659 2627; x_wconf 86' lang='lat' dir='ltr'>costumam</span> <span class='ocrx_word' id='word_1_129' title='bbox 675 2581 774 2647; x_wconf 89' lang='lat' dir='ltr'>super</span> <span class='ocrx_word' id='word_1_130' title='bbox 794 2581 896 2627; x_wconf 90' lang='lat' dir='ltr'>unam</span> <span class='ocrx_word' id='word_1_131' title='bbox 912 2580 1095 2638; x_wconf 85' lang='lat' dir='ltr'>masuram,</span> <span class='ocrx_word' id='word_1_132' title='bbox 1117 2560 1216 2627; x_wconf 88' lang='lat' dir='ltr'>sitam</span> 
     </span>
     <span class='ocr_line' id='line_1_21' title="bbox 181 2675 1219 2762; baseline 0 -20"><span class='ocrx_word' id='word_1_133' title='bbox 181 2679 216 2742; x_wconf 94' lang='lat' dir='ltr'>in</span> <span class='ocrx_word' id='word_1_134' title='bbox 231 2679 304 2744; x_wconf 90' lang='lat' dir='ltr'>vico</span> <span class='ocrx_word' id='word_1_135' title='bbox 325 2675 366 2742; x_wconf 87' lang='lat' dir='ltr'>de</span> <span class='ocrx_word' id='word_1_136' title='bbox 379 2676 783 2762; x_wconf 79' lang='lat' dir='ltr'>villiers-apud-Montes,</span> <span class='ocrx_word' id='word_1_137' title='bbox 807 2679 850 2744; x_wconf 80' lang='lat' dir='ltr'>llt</span> <span class='ocrx_word' id='word_1_138' title='bbox 877 2682 929 2750; x_wconf 86' lang='lat' dir='ltr'>est</span> <span class='ocrx_word' id='word_1_139' title='bbox 953 2679 1020 2743; x_wconf 87' lang='lat' dir='ltr'>sita</span> <span class='ocrx_word' id='word_1_140' title='bbox 1034 2676 1125 2742; x_wconf 88' lang='lat' dir='ltr'>dicta</span> <span class='ocrx_word' id='word_1_141' title='bbox 1151 2696 1219 2742; x_wconf 91' lang='lat' dir='ltr'>ma·</span> 
     </span>
     <span class='ocr_line' id='line_1_22' title="bbox 183 2789 1215 2878; baseline -0.001 -18"><span class='ocrx_word' id='word_1_142' title='bbox 183 2815 262 2860; x_wconf 88' lang='lat' dir='ltr'>sura</span> <span class='ocrx_word' id='word_1_143' title='bbox 276 2796 366 2861; x_wconf 88' lang='lat' dir='ltr'>inter</span> <span class='ocrx_word' id='word_1_144' title='bbox 391 2792 524 2859; x_wconf 91' lang='lat' dir='ltr'>domum</span> <span class='ocrx_word' id='word_1_145' title='bbox 547 2789 715 2859; x_wconf 87' lang='lat' dir='ltr'>Hodierno</span> <span class='ocrx_word' id='word_1_146' title='bbox 739 2796 773 2861; x_wconf 85' lang='lat' dir='ltr'>et</span> <span class='ocrx_word' id='word_1_147' title='bbox 799 2793 932 2858; x_wconf 89' lang='lat' dir='ltr'>domum</span> <span class='ocrx_word' id='word_1_148' title='bbox 949 2792 1153 2878; x_wconf 20' lang='lat' dir='ltr'>*Borangier</span> <span class='ocrx_word' id='word_1_149' title='bbox 1172 2793 1215 2859; x_wconf 82' lang='lat' dir='ltr'>Et</span> 
     </span>
     <span class='ocr_line' id='line_1_23' title="bbox 181 2907 1216 2985; baseline 0 -12"><span class='ocrx_word' id='word_1_150' title='bbox 181 2907 321 2976; x_wconf 90' lang='lat' dir='ltr'>debetur</span> <span class='ocrx_word' id='word_1_151' title='bbox 334 2909 425 2976; x_wconf 87' lang='lat' dir='ltr'>dicta</span> <span class='ocrx_word' id='word_1_152' title='bbox 447 2915 599 2975; x_wconf 82' lang='lat' dir='ltr'>costuma</span> <span class='ocrx_word' id='word_1_153' title='bbox 621 2909 656 2973; x_wconf 90' lang='lat' dir='ltr'>in</span> <span class='ocrx_word' id='word_1_154' title='bbox 676 2911 825 2975; x_wconf 87' lang='lat' dir='ltr'>crastino</span> <span class='ocrx_word' id='word_1_155' title='bbox 848 2909 1048 2977; x_wconf 80' lang='lat' dir='ltr'>Natiuitatis</span> <span class='ocrx_word' id='word_1_156' title='bbox 1072 2910 1216 2985; x_wconf 87' lang='lat' dir='ltr'>Domini,</span> 
     </span>
     <span class='ocr_line' id='line_1_24' title="bbox 182 3024 1216 3114; baseline 0.002 -24"><span class='ocrx_word' id='word_1_157' title='bbox 182 3024 336 3092; x_wconf 80' lang='lat' dir='ltr'>videlicet</span> <span class='ocrx_word' id='word_1_158' title='bbox 360 3045 427 3091; x_wconf 91' lang='lat' dir='ltr'>una</span> <span class='ocrx_word' id='word_1_159' title='bbox 451 3027 670 3092; x_wconf 82' lang='lat' dir='ltr'>minaavene</span> <span class='ocrx_word' id='word_1_160' title='bbox 697 3025 739 3091; x_wconf 88' lang='lat' dir='ltr'>ad</span> <span class='ocrx_word' id='word_1_161' title='bbox 770 3046 926 3114; x_wconf 85' lang='lat' dir='ltr'>magnam</span> <span class='ocrx_word' id='word_1_162' title='bbox 955 3046 1146 3106; x_wconf 88' lang='lat' dir='ltr'>mensuram</span> <span class='ocrx_word' id='word_1_163' title='bbox 1176 3027 1216 3092; x_wconf 90' lang='lat' dir='ltr'>de</span> 
     </span>
     <span class='ocr_line' id='line_1_25' title="bbox 182 3140 1216 3229; baseline 0.003 -24"><span class='ocrx_word' id='word_1_164' title='bbox 182 3140 421 3218; x_wconf 90' lang='lat' dir='ltr'>Donnamaria&#39;,</span> <span class='ocrx_word' id='word_1_165' title='bbox 434 3161 502 3206; x_wconf 89' lang='lat' dir='ltr'>una</span> <span class='ocrx_word' id='word_1_166' title='bbox 522 3141 649 3227; x_wconf 84' lang='lat' dir='ltr'>gallina</span> <span class='ocrx_word' id='word_1_167' title='bbox 664 3143 698 3207; x_wconf 97' lang='lat' dir='ltr'>in</span> <span class='ocrx_word' id='word_1_168' title='bbox 713 3142 829 3208; x_wconf 88' lang='lat' dir='ltr'>valore</span> <span class='ocrx_word' id='word_1_169' title='bbox 845 3163 905 3208; x_wconf 85' lang='lat' dir='ltr'>sex</span> <span class='ocrx_word' id='word_1_170' title='bbox 918 3143 1009 3221; x_wconf 85' lang='lat' dir='ltr'>den,</span> <span class='ocrx_word' id='word_1_171' title='bbox 1022 3142 1086 3208; x_wconf 91' lang='lat' dir='ltr'>duo</span> <span class='ocrx_word' id='word_1_172' title='bbox 1100 3162 1216 3229; x_wconf 85' lang='lat' dir='ltr'>panes,</span> 
     </span>
     <span class='ocr_line' id='line_1_26' title="bbox 183 3255 588 3333; baseline 0.01 -15"><span class='ocrx_word' id='word_1_173' title='bbox 183 3255 232 3320; x_wconf 92' lang='lat' dir='ltr'>iiii</span> <span class='ocrx_word' id='word_1_174' title='bbox 249 3255 296 3333; x_wconf 82' lang='lat' dir='ltr'>d.‘·,</span> <span class='ocrx_word' id='word_1_175' title='bbox 314 3261 348 3323; x_wconf 86' lang='lat' dir='ltr'>ot</span> <span class='ocrx_word' id='word_1_176' title='bbox 363 3259 386 3322; x_wconf 91' lang='lat' dir='ltr'>i.</span> <span class='ocrx_word' id='word_1_177' title='bbox 405 3256 437 3322; x_wconf 94' lang='lat' dir='ltr'>d.</span> <span class='ocrx_word' id='word_1_178' title='bbox 457 3277 588 3322; x_wconf 77' lang='lat' dir='ltr'>census,</span> 
     </span>
    </p>

    <p class='ocr_par' dir='ltr' id='par_1_13' title="bbox 182 3372 1214 3513">
     <span class='ocr_line' id='line_1_27' title="bbox 214 3372 1214 3433; baseline 0.001 -11"><span class='ocrx_word' id='word_1_179' title='bbox 214 3374 279 3422; x_wconf 84' lang='lat' dir='ltr'>Istud</span> <span class='ocrx_word' id='word_1_180' title='bbox 292 3372 490 3420; x_wconf 75' lang='lat' dir='ltr'>anniversarium</span> <span class='ocrx_word' id='word_1_181' title='bbox 505 3376 661 3432; x_wconf 87' lang='lat' dir='ltr'>computatur</span> <span class='ocrx_word' id='word_1_182' title='bbox 671 3372 697 3419; x_wconf 90' lang='lat' dir='ltr'>in</span> <span class='ocrx_word' id='word_1_183' title='bbox 712 3373 837 3420; x_wconf 80' lang='lat' dir='ltr'>Decembri</span> <span class='ocrx_word' id='word_1_184' title='bbox 846 3373 905 3433; x_wconf 86' lang='lat' dir='ltr'>quia</span> <span class='ocrx_word' id='word_1_185' title='bbox 915 3374 943 3421; x_wconf 90' lang='lat' dir='ltr'>in</span> <span class='ocrx_word' id='word_1_186' title='bbox 961 3374 1068 3422; x_wconf 86' lang='lat' dir='ltr'>crastino</span> <span class='ocrx_word' id='word_1_187' title='bbox 1077 3374 1214 3423; x_wconf 79' lang='lat' dir='ltr'>Natiuitatis</span> 
     </span>
     <span class='ocr_line' id='line_1_28' title="bbox 182 3463 400 3513; baseline -0.014 0"><span class='ocrx_word' id='word_1_188' title='bbox 182 3463 282 3513; x_wconf 84' lang='lat' dir='ltr'>Domini</span> <span class='ocrx_word' id='word_1_189' title='bbox 291 3464 400 3511; x_wconf 84' lang='lat' dir='ltr'>debetur.</span> 
     </span>
    </p>
   </div>
   <div class='ocr_carea' id='block_1_12' title="bbox 181 3545 1219 3884">
    <p class='ocr_par' dir='ltr' id='par_1_14' title="bbox 181 3545 1219 3884">
     <span class='ocr_line' id='line_1_29' title="bbox 226 3545 1219 3650; baseline -0.002 -19"><span class='ocrx_word' id='word_1_190' title='bbox 226 3565 259 3631; x_wconf 89' lang='lat'>9.</span> <span class='ocrx_word' id='word_1_191' title='bbox 272 3602 315 3611; x_wconf 95' lang='lat'><em>-</em></span> <span class='ocrx_word' id='word_1_192' title='bbox 332 3562 440 3630; x_wconf 85' lang='lat' dir='ltr'>VYd.</span> <span class='ocrx_word' id='word_1_193' title='bbox 468 3600 510 3613; x_wconf 89' lang='lat'><em>-</em></span> <span class='ocrx_word' id='word_1_194' title='bbox 528 3561 622 3631; x_wconf 91' lang='lat' dir='ltr'>Obiit</span> <span class='ocrx_word' id='word_1_195' title='bbox 647 3564 785 3650; x_wconf 76' lang='lat' dir='ltr'>Symon</span> <span class='ocrx_word' id='word_1_196' title='bbox 817 3563 972 3630; x_wconf 88' lang='lat' dir='ltr'>decanus</span> <span class='ocrx_word' id='word_1_197' title='bbox 986 3545 1219 3642; x_wconf 79' lang='lat' dir='ltr'>Nivernensis,</span> 
     </span>
     <span class='ocr_line' id='line_1_30' title="bbox 181 3670 1216 3768; baseline 0.001 -23"><span class='ocrx_word' id='word_1_198' title='bbox 181 3670 350 3766; x_wconf 72' lang='lat' dir='ltr'>procujus&#39;</span> <span class='ocrx_word' id='word_1_199' title='bbox 362 3681 594 3746; x_wconf 88' lang='lat' dir='ltr'>anniversario</span> <span class='ocrx_word' id='word_1_200' title='bbox 608 3679 770 3747; x_wconf 88' lang='lat' dir='ltr'>habemus</span> <span class='ocrx_word' id='word_1_201' title='bbox 787 3682 931 3766; x_wconf 88' lang='lat' dir='ltr'>quinque</span> <span class='ocrx_word' id='word_1_202' title='bbox 942 3684 1112 3746; x_wconf 86' lang='lat' dir='ltr'>costumas</span> <span class='ocrx_word' id='word_1_203' title='bbox 1129 3679 1216 3768; x_wconf 89' lang='lat' dir='ltr'>apud</span> 
     </span>
     <span class='ocr_line' id='line_1_31' title="bbox 182 3795 1218 3884; baseline -0.001 -22"><span class='ocrx_word' id='word_1_204' title='bbox 182 3797 579 3884; x_wconf 86' lang='lat' dir='ltr'>Pontes-super-Yonam</span> <span class='ocrx_word' id='word_1_205' title='bbox 597 3797 763 3864; x_wconf 90' lang='lat' dir='ltr'>dominica</span> <span class='ocrx_word' id='word_1_206' title='bbox 792 3801 868 3884; x_wconf 88' lang='lat' dir='ltr'>post</span> <span class='ocrx_word' id='word_1_207' title='bbox 899 3795 1057 3876; x_wconf 86' lang='lat' dir='ltr'>Natalem</span> <span class='ocrx_word' id='word_1_208' title='bbox 1086 3796 1218 3862; x_wconf 90' lang='lat' dir='ltr'>Domini</span> 
     </span>
    </p>
   </div>
   <div class='ocr_carea' id='block_1_13' title="bbox 184 3913 869 4090">
    <p class='ocr_par' dir='ltr' id='par_1_15' title="bbox 184 3913 869 4090">
     <span class='ocr_line' id='line_1_32' title="bbox 184 3913 435 4001; baseline -0.004 -22"><span class='ocrx_word' id='word_1_209' title='bbox 184 3913 435 4001; x_wconf 82' lang='lat' dir='ltr'>persolvendas.</span> 
     </span>
     <span class='ocr_line' id='line_1_33' title="bbox 217 4029 869 4090; baseline 0 -12"><span class='ocrx_word' id='word_1_210' title='bbox 217 4030 284 4078; x_wconf 87' lang='lat' dir='ltr'>istud</span> <span class='ocrx_word' id='word_1_211' title='bbox 302 4029 499 4078; x_wconf 83' lang='lat' dir='ltr'>anniversarium</span> <span class='ocrx_word' id='word_1_212' title='bbox 517 4032 672 4090; x_wconf 86' lang='lat' dir='ltr'>computatur</span> <span class='ocrx_word' id='word_1_213' title='bbox 689 4030 716 4077; x_wconf 91' lang='lat' dir='ltr'>in</span> <span class='ocrx_word' id='word_1_214' title='bbox 734 4029 869 4078; x_wconf 86' lang='lat' dir='ltr'>Decembri.</span> 
     </span>
    </p>
   </div>
   <div class='ocr_carea' id='block_1_14' title="bbox 194 4123 1216 4220">
    <p class='ocr_par' dir='ltr' id='par_1_16' title="bbox 194 4123 1216 4220">
     <span class='ocr_line' id='line_1_34' title="bbox 194 4123 1216 4220; baseline -0.004 -20"><span class='ocrx_word' id='word_1_215' title='bbox 194 4177 196 4182; x_wconf 28' lang='grc' dir='ltr'><em>ν</em></span> <span class='ocrx_word' id='word_1_216' title='bbox 229 4129 281 4201; x_wconf 83' lang='lat'>10.</span> <span class='ocrx_word' id='word_1_217' title='bbox 296 4166 339 4176; x_wconf 92' lang='lat'>-</span> <span class='ocrx_word' id='word_1_218' title='bbox 354 4128 423 4203; x_wconf 84' lang='lat'>1111</span> <span class='ocrx_word' id='word_1_219' title='bbox 439 4128 504 4205; x_wconf 81' lang='lat' dir='ltr'>Yd.</span> <span class='ocrx_word' id='word_1_220' title='bbox 523 4165 563 4182; x_wconf 88' lang='lat'>-·</span> <span class='ocrx_word' id='word_1_221' title='bbox 580 4127 671 4198; x_wconf 91' lang='lat' dir='ltr'>Obiit</span> <span class='ocrx_word' id='word_1_222' title='bbox 684 4129 767 4207; x_wconf 84' lang='lat' dir='ltr'>odo,</span> <span class='ocrx_word' id='word_1_223' title='bbox 785 4127 944 4208; x_wconf 87' lang='lat' dir='ltr'>decanus,</span> <span class='ocrx_word' id='word_1_224' title='bbox 959 4146 1020 4220; x_wconf 91' lang='lat' dir='ltr'>pro</span> <span class='ocrx_word' id='word_1_225' title='bbox 1041 4145 1105 4217; x_wconf 92' lang='lat' dir='ltr'>quo</span> <span class='ocrx_word' id='word_1_226' title='bbox 1118 4123 1216 4218; x_wconf 88' lang='lat' dir='ltr'>debet</span> 
     </span>
    </p>
   </div>
   <div class='ocr_carea' id='block_1_15' title="bbox 0 0 1600 5016">
    <p class='ocr_par' dir='ltr' id='par_1_17' title="bbox 0 0 1600 5016">
     <span class='ocr_line' id='line_1_35' title="bbox 0 0 1600 5016; baseline 0 0"><span class='ocrx_word' id='word_1_227' title='bbox 0 0 1600 5016; x_wconf 95' lang='lat' dir='ltr'> </span> 
     </span>
    </p>
   </div>
  </div>
 </body>
</html>
