3180 5012
771 493 949 561 ..34-

254 713 261 728 ,
340 644 428 712 crati
457 661 518 730 per
548 639 713 728 quadrum
745 639 933 726 permansit
956 639 1089 723 integre
1117 633 1374 700 incombustum.

384 759 547 845 Tempore
568 757 718 843 peruersi
735 754 868 822 abbatis
889 751 1060 820 Notranni
1075 750 1131 836 qni
1155 750 1245 814 hunc
1269 748 1378 813 locum
1467 743 1470 748 ’

339 873 393 939 ire
412 871 601 938 desolatum
620 869 755 957 penitus
778 868 899 946 voluit,
932 865 1185 952 pretermissum
1214 862 1280 928 fuit
1306 858 1381 927 offi-

340 989 428 1055 cium
451 1005 573 1074 magne
592 985 695 1050 misse
708 1003 778 1050 una
792 982 921 1049 dierum
944 999 1046 1066 super
1059 979 1124 1045 hoc
1137 978 1247 1064 majus
1271 975 1380 1043 altare

340 1101 591 1168 sanctissimum
603 1099 780 1176 celebrari,
795 1098 947 1184 quamuis
960 1101 1043 1163 tunc
1056 1097 1171 1161 essent
1185 1094 1241 1159 hic
1260 1111 1380 1178 quam-

338 1215 475 1303 plurimi
502 1213 659 1280 monachi
687 1212 892 1280 sacerdotes.
928 1209 1151 1295 Subsequenti
1175 1226 1256 1274 vero
1280 1209 1379 1272 nocte

338 1329 430 1395 illius
444 1328 523 1406 diei,
546 1347 663 1394 omnes
678 1328 785 1395 iatius
808 1327 873 1394 loci
890 1324 1084 1393 sacerdotes
1097 1322 1236 1390 insimul
1253 1320 1378 1388 mortui

340 1439 421 1503 suut
435 1435 578 1503 inuenti.

381 1551 545 1638 Tempore
564 1549 740 1616 nobilioris
752 1549 819 1616 viri
839 1547 953 1614 domui
969 1545 1135 1635 Regnaldi
1152 1539 1285 1612 abbatis
1299 1562 1380 1631 pre-

290 1663 471 1734 residebat
483 1664 726 1752 temporalibus
740 1666 796 1731 vir
809 1663 1001 1751 religiosus,
1017 1663 1213 1730 Letrannns
1224 1661 1376 1739 nomine,

338 1782 409 1848 orie
423 1782 476 1846 eni
498 1785 613 1849 custos
631 1781 732 1868 hujus
758 1780 824 1846 loci
849 1777 1035 1846 monachus
1054 1795 1115 1863 pro
1135 1795 1234 1863 posse
1253 1778 1380 1843 elemo-

237 1883 268 1932 ’·
339 1896 425 1962 ainis
440 1895 580 1964 studens
594 1895 722 1964 fecerat
744 1900 779 1963 et
805 1896 894 1960 enim
911 1913 1052 1980 paruum
1067 1892 1220 1959 foramen
1246 1894 1284 1958 iu
1303 1912 1379 1959 ma-

338 2013 427 2078 cerie
451 2032 512 2098 per
538 2010 626 2098 quod
656 2014 813 2098 porrecta
838 2029 940 2074 manu
965 2027 986 2074 a
1015 2007 1099 2074 foris
1130 2009 1376 2094 aliquantulum

335 2128 435 2213 panis
458 2127 513 2192 vel
533 2145 668 2192 annone
696 2127 733 2191 in
753 2127 863 2191 sinum
886 2124 1054 2210 pauperis
1072 2121 1283 2191 infundebat.
1312 2123 1379 2191 Su-

335 2241 433 2308 berat
457 2241 508 2306 illi
533 2240 668 2327 quidam
689 2239 799 2305 fidelis
822 2238 969 2305 famulus
988 2239 1122 2304 nomine
1139 2239 1376 2306 Constancius.

335 2355 481 2421 Hicuna
497 2353 627 2420 dierum
652 2353 695 2420 ad
718 2349 942 2420 conficiendos
962 2371 1068 2440 panes
1083 2354 1237 2421 triticum
1258 2355 1375 2441 petiit;

334 2471 389 2536 cui
403 2459 606 2550 Lemannus,
624 2469 738 2536 claves
752 2469 945 2556 porrigens,
961 2467 1071 2535 dixit:
1089 2468 1185 2535 Vade
1197 2468 1240 2534 ad
1252 2469 1377 2536 horrea

248 2576 256 2600 ⁹
333 2588 369 2651 et
383 2603 477 2650 sume
488 2588 688 2651 consuetam
699 2601 906 2650 mensuram.
924 2583 988 2658 Qui
999 2587 1118 2671 aperto
1132 2584 1255 2651 horreo
1272 2585 1378 2651 nichil

332 2700 464 2767 invenit
486 2697 791 2786 etnimium'super
814 2700 879 2766 hoc
900 2697 1121 2768 tremefactus
1141 2701 1178 2765 in
1201 2698 1373 2767 redeundo

283 2813 403 2887 totale
424 2831 623 2902 responsum
637 2813 739 2883 fratri
752 2813 900 2882 reddidit
913 2815 1110 2882 nominato:
1127 2815 1179 2882 Ve
1194 2815 1274 2902 qnid
1288 2813 1375 2883 fieti

333 2931 500 2997 Horreum
518 2951 563 2997 ex
583 2935 658 2999 toto
677 2936 877 2999 evacuatum
902 2936 977 3012 est;
997 2935 1106 2999 totam
1128 2931 1217 2998 hanc
1232 2933 1378 3018 prouin-

332 3045 419 3113 ciam
449 3045 501 3114 ita
522 3044 639 3113 valida
656 3045 765 3112 fames
791 3066 882 3113 nunc
901 3048 1070 3134 oppressit
1091 3051 1131 3113 ut
1154 3047 1376 3133 plurimorum

332 3166 459 3228 mortes
472 3160 559 3228 flant
571 3166 606 3230 et
617 3182 680 3229 vos
693 3169 808 3232 vestra
821 3164 983 3251 largitate
997 3182 1167 3230 annonam
1184 3162 1228 3228 ad
1249 3163 1376 3248 stipen-

331 3273 389 3341 dia
419 3274 565 3343 fratrum
598 3277 796 3365 deputatam
823 3279 964 3366 prodige
986 3277 1151 3345 tribuisti.
1177 3277 1240 3343 Cui
1267 3277 1376 3344 frater

332 3392 401 3457 Deo
425 3391 534 3459 fidens
565 3394 711 3480 imperat
736 3395 873 3462 dicens:
902 3397 1031 3460 'iacens
1058 3394 1133 3472 sile,
1158 3397 1194 3460 et
1224 3412 1306 3460 cave
1332 3413 1375 3459 ne

331 3505 453 3573 domno
465 3506 580 3575 abbati
593 3509 658 3575 hoc
675 3507 831 3577 indicans
842 3510 930 3575 iram
940 3508 1081 3575 inferas.
1099 3509 1193 3573 Tunc
1208 3507 1316 3576 frater
1330 3506 1373 3574 ad

331 3620 442 3688 altare
454 3620 652 3709 confugiens
669 3625 863 3710 antepedes
875 3625 985 3693 sancti
996 3624 1170 3691 Saviniani
1190 3624 1262 3690 solo
1276 3644 1375 3710 pros·

330 3741 443 3804 tratus
459 3756 535 3802 oum
553 3735 620 3802 fide
631 3738 831 3805 etlacrimis
845 3739 996 3806 divinum
1012 3739 1076 3804 sibi
1092 3739 1211 3806 adesse
1225 3740 1376 3826 deposcit

331 3853 508 3931 auxilium,
533 3854 613 3939 quia
630 3873 769 3921 necesse
794 3860 848 3923 est
865 3854 922 3921 ubi
944 3855 1131 3921 humanum
1149 3858 1261 3922 cessat
1276 3854 1376 3942 adju-

281 3969 456 4054 gptorium
476 3988 552 4035 cum
571 3966 695 4036 fidncia
718 3968 870 4037 diuinum
891 3970 1066 4038 humiliter
1088 3970 1290 4058 postuletur.
1312 3969 1375 4037 Oui

331 4081 433 4152 alluit
450 4083 676 4152 incontinenti
691 4084 728 4150 in
754 4086 908 4155 oratione
929 4105 966 4153 ee
988 4087 1141 4174 poscenti
1166 4086 1282 4155 diuina
1300 4095 1379 4152 mai
