3164 5016
685 535 863 601 ..89-

245 679 354 746 nostri
378 676 506 745 cenobii
525 675 669 764 negocia
686 677 819 744 utiliter
843 678 1059 765 regebantur.
1083 677 1282 756 Istoabbas

245 793 421 882 quamdam
439 793 573 861 domum
593 813 713 859 novam
730 793 816 880 ap'ud
839 795 1005 890 Paretum'
1020 794 1101 861 lecit
1115 797 1150 861 et
1173 790 1282 880 quod·

160 935 164 945 ¹
245 910 321 976 dam
347 909 577 996 appendicium
608 908 695 994 apud
720 909 985 998 Servigniacum.
1014 908 1199 985 Quamdam
1220 907 1281 975 do·

123 997 126 1002 .
161 1024 163 1028 ’
186 1075 187 1078 ι
245 1047 335 1092 ιιιιιιιι
351 1025 437 1112 apud
457 1027 607 1111 Arceyas
634 1023 790 1091 edificare
816 1027 904 1112 cepit
925 1011 1026 1112 quam
1041 1045 1108 1091 non
1122 1025 1277 1111 perfecit.

243 1142 339 1228 Apud
365 1141 547 1227 Malleyum
564 1142 792 1219 vicecomitis,
809 1162 869 1227 per
885 1141 1109 1209 venditionem
1126 1135 1276 1232 defuncti

245 1259 423 1325 Laurentii
436 1257 477 1322 de
490 1243 652 1324 Seinvilla
666 1257 856 1343 presbiteri,
870 1257 1046 1344 quamdam
1060 1257 1193 1323 domum
1206 1277 1280 1322 oum
1325 1245 1327 1249 ¹

244 1372 442 1461 quibusdam
459 1375 717 1460 appertinentiis
733 1374 792 1440 suo
808 1358 958 1461 tempore
974 1373 1125 1460 nostrum
1143 1393 1280 1440 monas-

243 1492 366 1559 terium
379 1491 569 1577 acquisivit.
591 1488 681 1557 Obiit
693 1509 772 1556 vero
789 1491 878 1556 circa
891 1510 1016 1555 annum
1025 1481 1157 1556 Domini
1172 1490 1218 1555 Μ.
1231 1489 1282 1556 CC
1328 1523 1330 1527 ·

245 1608 483 1696 octogesimum
511 1589 689 1672 nonum
655 1611 689 1672 e
708 1607 744 1670 in
767 1607 856 1694 capit
842 1607 913 1673 tulo
941 1627 961 1672 a
987 1606 1086 1674 sinist
1088 1607 1135 1672 ris
1158 1606 1281 1693 prioris
1348 1593 1350 1596 ⁵

147 1773 149 1778 .
245 1707 393 1791 sedentis
414 1722 523 1810 sepult
524 1744 563 1788 us
508 1722 657 1790 tinit
629 1723 786 1807 tlpsius
803 1723 916 1788 anima
933 1723 1148 1810 requiescat
1138 1743 1173 1788 1n
1186 1743 1279 1847 pace.
1294 1729 1329 1794 10

244 1840 325 1905 Pius
344 1839 409 1906 fuit
394 1839 701 1926 t‚benignissimus
719 1843 751 1906 et
767 1840 859 1925 quiet
861 1859 914 1904 us·

286 1955 446 2021 Jnoosus
464 1954 527 2019 Hic
542 1953 607 2020 fuit
621 1953 662 2018 de
676 1931 956 2039 Cbampigniaoo
949 1973 984 2016 m
998 1913 1090 2030 Bria,
1107 1952 1284 2020 thesaura·

243 2071 314 2136 rius
334 2071 434 2159 hujus
447 2071 523 2148 loci,
539 2075 697 2157 procurat
699 2075 787 2136 orei
799 2071 894 2155 quasi
912 2069 1089 2156 coadjutor
1103 2045 1282 2155 predeces-

244 2189 330 2252 soris
351 2189 415 2269 sui,
443 2171 530 2254 sicut
554 2183 783 2274 supradictum
805 2165 869 2263 est}
894 2184 970 2252 fuit.
996 2185 1063 2251 Per
1080 2186 1169 2266 viam
1187 2205 1283 2252 scru-

242 2303 331 2380 tinii,
349 2302 546 2389 quibusdam
568 2308 682 2370 tamen
705 2301 1028 2380 contradicenti-bus,
1050 2303 1175 2370 electus
1194 2299 1280 2369 'luit

148 2425 149 2430 ’
243 2419 304 2494 Qui
320 2423 398 2485 cont
384 2418 552 2485 tradicent
537 2423 589 2485 tes
613 2424 690 2506 post
675 2418 855 2486 tmodnm
847 2439 882 2483 m
900 2421 1009 2506 ipsum
1035 2420 1152 2486 volunt
1138 2403 1225 2486 taric
1250 2425 1284 2487 et

82 2586 85 2593 .
160 2563 162 2567 ’
242 2555 384 2604 assensu
407 2505 648 2623 benignissimo
675 2541 937 2608 consenserunt
971 2514 1283 2623 ettandem1psis

243 2656 379 2738 present
364 2651 454 2718 tibus
475 2656 520 2746 et
547 2653 762 2718 consencient
748 2651 838 2718 tibus
864 2665 924 2738 per
950 2541 1106 2738 ἀοιιιιιιιιιι
1129 2645 1281 2718 Gilonem

212 2841 215 2848 ,
244 2755 424 2833 secundum
437 2769 484 2833 in
509 2767 647 2834 abbacia
666 2769 781 2835 Sancti
796 2766 958 2853 lobannis
978 2767 1182 2833 Senonensis
1207 2787 1281 2833 con·

242 2865 396 2951 firmatus
420 2882 497 2963 luit,
528 2889 562 2950 et
586 2883 672 2970 apud
702 2883 898 2949 Ferraerias
913 2881 1104 2968 pontificali
1122 2882 1280 2948 benedic-
1290 2889 1327 2949 ib

241 3001 334 3067 tione
357 3002 391 3065 in
408 2975 613 3087 parrochiali
639 2999 780 3064 ecclesia
795 2997 1002 3064 benedictus.
1027 2997 1125 3061 Anno
1147 2984 1293 3063 Domini

243 3119 290 3182 M⁰
308 3117 375 3184 000
397 3118 600 3205 octogesimo
627 3135 727 3194 nono,
751 3112 786 3180 in
804 3114 858 3180 die
883 3113 1100 3179 Ascensionis
1130 3114 1277 3194 Domini,
1322 3139 1325 3146 ·

242 3255 318 3300 cum
344 3233 457 3302 debita
476 3225 722 3311 reverentia'et
743 3219 871 3296 honore
898 3229 1128 3316 sollempniter
1151 3210 1207 3296 est
1225 3207 1278 3293 re-

241 3354 316 3436 cept
319 3371 369 3416 us.
392 3351 489 3415 Hunc
501 3337 589 3414 Deus
609 3348 678 3412 suis
700 3345 843 3413 subditis
857 3339 1033 3412 conservet
1048 3364 1110 3432 per
1123 3350 1275 3431 tempora

88 3475 91 3482 '
136 3547 137 3552 ἵ
242 3465 422 3553 longiora.

276 3579 430 3636 lohannes
443 3579 480 3636 de
492 3577 686 3634 Tricheriaco
697 3577 743 3650 (1)
763 3576 848 3634 Obiit
869 3577 960 3634 1324.

197 3760 201 3767 ι
278 3677 431 3750 lohannes
450 3677 487 3733 de
507 3676 653 3732 Parisius.
676 3675 730 3732 Ob
753 3676 846 3733 1338.

273 3838 308 3902 (l)
323 3841 369 3887 Les
381 3853 452 3887 noms
461 3840 503 3887 des
516 3841 600 3897 abbes,
617 3838 720 3900 dpartir
731 3840 761 3887 da
770 3843 900 3888 lohannes
916 3843 947 3888 de
966 3841 1125 3887 Tricbcriecc
1137 3837 1239 3898 jusqu'd
1256 3838 1280 3885 la

243 3928 278 3976 lln
289 3930 319 3976 do
332 3929 356 3976 la
370 3928 432 3988 lists,
447 3931 490 3975 ont
500 3931 536 3976 ets
547 3930 641 3988 aientes
650 3943 694 3989 par
715 3929 825 3976 diverses
839 3920 930 4000 mains,
950 3931 984 3978 du
999 3935 1042 3978 xv·
1055 3943 1087 3976 cu
1102 3936 1175 3976 xvnr·
1196 3927 1279 3990 siecle.

243 4019 286 4066 Las
299 4029 413 4079 passages
428 4017 557 4078 imprimes
566 4021 597 4066 on
609 4018 724 4078 italiques
740 4023 795 4065 sont
810 4019 852 4066 des
868 4019 991 4066 additions
1001 4020 1036 4066 du
1048 4025 1121 4066 svin·
1135 4018 1218 4066 sidole.
1229 4019 1274 4065 Les

243 4121 315 4156 noms
328 4108 463 4165 desabbes‚
476 4105 565 4167 depuis
583 4111 720 4155 lohannes·
733 4105 764 4154 dc
787 4101 946 4155 Tricherieco
969 4107 1070 4171 jusqu’b
1082 4109 1208 4158 oliverius
1224 4109 1275 4155 Ga-
1318 4125 1320 4128 ·

242 4199 321 4262 pusii,
336 4199 392 4245 sent
403 4197 478 4251 d'uns
490 4183 569 4250 meme
581 4197 659 4256 main,
676 4198 706 4245 de
722 4196 792 4251 lanu
809 4199 843 4249 du
859 4197 992 4250 xv·sibcle.
