3180 5012
666 473 845 539 ..57-

236 633 309 680 cum
331 613 428 680 beato
443 612 649 679 Potencieno
664 618 699 682 et
713 617 831 682 sancto
845 611 962 680 Altino
977 614 1180 698 martyrium
1196 630 1278 676 con·
1348 595 1350 602 ⁴

239 729 430 794 summavit.
453 727 581 814 Corpus
594 729 700 814 ipsius
720 748 794 794 cum
820 728 898 794 aliis
922 729 1050 795 sanctis
1076 727 1273 805 saviniano,

236 843 443 910 Potenciano
456 847 489 912 et
500 842 618 910 Altino
631 844 667 908 in
682 848 836 942 nostrum
847 843 1089 910 monesterium
1104 846 1156 909 est
1168 846 1281 909 trans·
1314 851 1318 861 “

242 957 364 1025 latum.

302 1201 346 1250 DE
362 1200 515 1249 CORPORE
530 1199 649 1248 SANOTI
665 1199 822 1248 SEROTINI
842 1198 1015 1247 MARTYRIS
1031 1198 1076 1246 ΕΤ
1091 1197 1214 1246 Luvlvu

279 1406 422 1476 Sanctus
436 1407 565 1475 Christi
585 1410 718 1492 martyr
733 1409 767 1472 et
780 1405 883 1472 levita
899 1404 1075 1472 Serotinus
1094 1404 1181 1492 apud
1196 1407 1281 1471 Tre-

237 1544 294 1592 cas
317 1542 390 1590 cum
407 1523 506 1589 beato
530 1522 739 1620 Potenciano
762 1519 959 1607 predicavit.
985 1520 1112 1588 Deinde
1139 1522 1280 1588 Senonis

234 1641 406 1715 levemus,
433 1639 467 1702 in
488 1636 700 1703 confessione
723 1657 802 1703 vere
827 1635 906 1704 fidei
926 1639 961 1702 et
987 1640 1105 1703 sancte
1127 1635 1282 1723 predica-

218 1755 329 1821 tione
349 1762 583 1839 perseverane,
603 1757 798 1818 sanctorum
811 1756 1001 1838 martyrum
1018 1752 1172 1848 sepulcra
1191 1751 1283 1819 Savi-

237 1869 330 1935 niani
347 1868 516 1946 videlicet,
529 1869 698 1934 Victorini
716 1872 750 1935 et
771 1859 944 1954 cujusdam
968 1869 1098 1954 parvuli
1122 1866 1329 1954 frequen-10

235 1967 342 2050 tabat.
359 1984 452 2049 Tunc
467 1983 536 2048 dux
551 1983 701 2050 civitatis
715 1982 808 2048 misit
820 1981 1008 2060 carnifices,
1025 1983 1154 2051 occulte
1166 1987 1280 2050 tamen

136 2170 140 2176 ᾗ
236 2101 373 2184 propter
390 2102 515 2164 metum
537 2117 658 2184 magne
674 2097 914 2184 generositatis
930 2117 1003 2175 sue,
1025 2097 1180 2181 aquibus
1200 2117 1282 2184 gra-

235 2213 373 2278 vissime
403 2211 594 2280 trucidatus
631 2213 833 2298 martyrium
865 2213 1121 2279 consummavit.
1155 2213 1281 2280 Beatus

221 2311 316 2394 'voro
337 2326 563 2396 Potencianus
587 2328 622 2392 in
651 2326 767 2392 eodem
796 2327 962 2394 cimiterio
983 2319 1148 2414 sepelivit.
1174 2329 1281 2414 Super

236 2461 357 2528 corpus
369 2443 476 2534 ipsius
490 2446 650 2529 parentes
665 2443 737 2529 ejus
756 2447 790 2510 et
812 2443 992 2528 propinqui
1007 2445 1130 2510 turrim
1142 2443 1280 2512 edifica·-

236 2561 371 2624 verunt.
394 2556 458 2624 Sed
473 2561 550 2643 post
570 2577 592 2622 a
610 2558 753 2643 paganis
769 2562 805 2624 et
818 2557 999 2624 Wandalis
1019 2564 1072 2627 est
1093 2558 1279 2627 destructa.

238 2670 281 2738 Et
299 2670 374 2736 ideo
390 2670 571 2738 multorum
598 2691 763 2737 annorum
783 2672 959 2738 curriculis
984 2673 1068 2760 jam·
1082 2675 1278 2753 transactis,

237 2805 358 2872 corpus
373 2786 478 2872 ipsius
500 2785 567 2852 VII
582 2785 746 2852 kalendas
771 2787 888 2872 aprilis
920 2786 984 2853 init
1016 2788 1221 2855 translatum
1243 2791 1279 2855 in

236 2900 479 2990 monesterium
500 2899 615 2966 Sancti
637 2901 743 2978 Petri,
766 2906 800 2968 et
819 2901 879 2966 sub
895 2901 1038 2987 quodam
1065 2903 1168 2968 altari
1185 2905 1281 2990 posi-

240 3027 311 3090 tum
326 3025 362 3089 in
374 3025 501 3091 honore
519 3026 626 3111 ipsius
642 3030 676 3092 et
692 3027 801 3093 sancti
817 3026 968 3092 Vicencii
980 3025 1135 3096 dedicato
1154 3027 1212 3115 (l).
1232 3031 1280 3096 De
1290 3036 1328 3100 20

240 3140 391 3225 reliquiis
401 3142 507 3227 ipsius
517 3145 616 3208 extre
623 3141 788 3209 tumulum
803 3141 976 3221 habemus,
988 3145 1122 3228 quasin
1137 3149 1279 3231 argento

187 3305 190 3311 .
239 3253 397 3322 docenter
415 3257 543 3341 positas
558 3275 809 3323 conservamus.

293 3497 336 3544 DE
359 3496 488 3546 SANGTO
505 3496 702 3556 VICTORINO,
727 3497 870 3546 HOSPITE
893 3498 1013 3549 SANGTI
1036 3498 1221 3560 sevlnnlnr,

640 3614 684 3662 ET
708 3614 751 3662 DE
777 3614 865 3662 FILIO

252 3839 255 3844 ’
281 3824 425 3892 Sanctus
444 3829 577 3913 martyr
590 3826 718 3895 Christi
737 3828 946 3907 Victorinus,
967 3828 1089 3915 hospes
1104 3829 1194 3897 beati
1210 3828 1275 3930 Sa-

267 4011 303 4074 (ll
318 4013 349 4060 ln
359 4014 497 4061 manuscrit
515 4017 583 4074 porto
599 4017 761 4077 dedicaturi,-
774 4018 837 4066 meis
849 4018 873 4066 le
884 4017 1019 4066 correction
1031 4029 1063 4066 en
1077 4020 1191 4067 dedicato
1208 4031 1223 4066 a
1238 4019 1279 4067 ete

239 4101 296 4150 iaite
310 4102 353 4150 dds
369 4103 392 4150 le
402 4109 459 4152 ιιιιι·
472 4101 546 4150 siecle
556 4101 618 4151 dens
630 4103 789 4166 l'interligne.
