3180 5012
676 549 852 620 ·-25-

239 698 436 764 carnatione
463 717 525 762 sua
554 697 724 764 tricesimo
751 697 866 791 tercio
886 696 974 762 celos
1008 694 1171 773 ascendit,
1204 693 1282 760 inde
1322 763 1324 769 ,
1409 761 1419 770 ,

239 817 402 880 venturus
415 811 570 900 judicare
589 812 684 878 vivos
707 815 742 879 et
757 817 910 878 mortuos
924 812 1039 900 justus
1052 811 1170 899 judex.
1246 836 1247 842 ¹

489 1062 533 1109 nn
556 1061 767 1109 nnuivlrnrn
791 1061 901 1108 ΒΕΑΤΕ
925 1061 1033 1110 Mania

284 1275 303 1338 J
306 1275 426 1340 oachin
442 1293 485 1338 ex
499 1273 630 1339 Galilea
642 1273 780 1339 civitate
795 1272 967 1341 Nazareth
981 1274 1132 1339 sanctam
1150 1275 1285 1338 Annam
1398 1278 1400 1282 ’

242 1390 340 1456 duxit
359 1409 496 1454 uxorem
514 1409 557 1454 ex
578 1388 763 1454 Bethleem.
790 1388 896 1453 Ambo
909 1388 995 1475 justi
1017 1392 1115 1454 erant
1133 1388 1168 1452 in
1187 1407 1286 1452 man-

210 1518 212 1522 ’
242 1505 331 1571 datis
348 1504 479 1569 Domini
503 1502 709 1580 incedentes,
733 1522 930 1594 omnemque
946 1521 1041 1567 suam
1059 1502 1284 1570 substantiam

241 1597 407 1706 tripbarie
419 1618 626 1684 dividebant.
642 1618 777 1704 Templo
794 1619 853 1683 llei
869 1622 902 1683 et
917 1616 1137 1684 servitoribus
1155 1623 1284 1704 partem

242 1737 397 1822 primam,
419 1734 521 1798 aliam
542 1711 731 1819 peregrinis
751 1738 785 1799 et
800 1732 1002 1818 pauperibus
1027 1732 1225 1818 erogabant,
1251 1738 1286 1800 et

241 1851 381 1917 terciam
408 1848 526 1914 sibiet
548 1868 606 1913 sue
629 1847 756 1912 familie
779 1824 1014 1915 reservabant.
1037 1847 1186 1933 Singulis
1205 1851 1306 1913 vero'

241 1974 341 2034 annis
356 1967 465 2033 tribus
481 1964 578 2032 festis
596 1966 764 2051 precipuis
778 1964 990 2031 iherusalem
1011 1963 1282 2050 frequentabant.
1299 1965 1334 2028 10

243 2081 394 2160 Quadam
430 2080 592 2166 siquidem
623 2079 677 2146 die
711 2080 854 2146 Joachin
891 2079 931 2144 ad
967 2080 1076 2147 altare
1092 2079 1282 2160 accedente,

242 2197 375 2284 quidam
400 2196 524 2283 repulit
550 2196 664 2262 dicens
684 2197 776 2291 inter
796 2194 957 2261 fecundos
981 2194 1196 2262 infecundum
1218 2217 1284 2263 non

241 2315 356 2379 astare
366 2311 503 2376 debere.
528 2311 671 2377 Joachin
690 2315 771 2376 tuno
799 2308 959 2375 confusus
983 2310 1121 2377 domum
1143 2333 1216 2400 non
1229 2331 1288 2376 re-

242 2427 316 2504 diit,
336 2426 393 2492 sed
410 2447 485 2492 cum
503 2427 574 2491 suis
590 2425 786 2513 pastoribus
801 2427 976 2492 remansit.
1000 2427 1044 2493 Et
1060 2427 1129 2492 illic
1146 2426 1285 2514 angelus

243 2544 302 2609 Dei
320 2563 485 2629 apparens
502 2543 533 2607 ei
552 2542 640 2608 dixit
658 2533 860 2607 i'Annuncio
877 2542 939 2608 tibi
957 2564 1071 2628 preces
1086 2549 1163 2610 tuas
1178 2563 1285 2608 exau-

242 2657 332 2725 ditas
352 2663 387 2724 et
408 2658 609 2723 elemosinas
627 2661 716 2723 tuas.
737 2656 830 2722 Vade
855 2656 897 2722 ad
924 2664 1056 2743 portam
1085 2678 1220 2724 auream
1246 2663 1281 2724 ct

241 2773 339 2838 uxori
353 2776 411 2838 tue
427 2771 588 2838 obviabis.
607 2772 771 2839 Similiter
783 2772 924 2858 angelus
940 2779 1056 2839 sancte
1071 2773 1167 2838 Anne
1184 2793 1288 2859 appa·

242 2889 311 2953 ruit
321 2891 354 2955 et
367 2887 416 2951 illi
430 2885 545 2980 eadem
555 2886 741 2953 nunciavit.
757 2886 864 2953 Ambo
878 2887 942 2952 sibi
955 2888 1097 2953 invicem
1110 2888 1286 2955 obviantes

243 3002 301 3068 leti
329 3001 370 3066 de
395 3001 489 3087 prole
513 3001 554 3066 ab
585 3001 704 3087 angelo
735 3003 902 3088 promissa
931 3001 1064 3068 domum
1091 2993 1282 3070 redieruntss
1357 2983 1360 2987 ⁴

243 3117 342 3182 Anna
365 3117 517 3202 concepit
549 3121 583 3183 et
614 3117 744 3202 peperit
768 3118 923 3198 Mariam,
947 3136 1045 3204 quam
1072 3118 1282 3204 postmodum
1295 3133 1333 3195 20

243 3252 317 3296 cum
333 3231 503 3298 oblatione
531 3231 565 3295 in
592 3233 728 3318 'femplo
750 3253 823 3298 oum
840 3232 916 3297 aliis
932 3233 1120 3319 virginibus
1141 3232 1278 3299 dimisit.

132 3376 134 3380 ·
243 3346 311 3420 Que
331 3346 424 3433 virgo
443 3346 581 3411 inomni
599 3347 781 3412 sanctitate
799 3345 975 3431 proficiens
992 3345 1033 3412 ab
1054 3334 1184 3432 angelis
1207 3347 1287 3413 visi·

242 3460 391 3527 tabatur.
409 3461 536 3534 Quarto
556 3465 666 3526 autem
685 3460 812 3526 decimo
827 3460 893 3538 vel,
912 3459 1093 3526 secundum
1108 3461 1282 3547 quosdam,

242 3574 436 3642 duodecimo
454 3553 556 3641 etatis
575 3596 634 3640 sue
652 3595 740 3640 anno
756 3573 909 3661 pontifex
932 3574 1150 3654 denunciavit
1164 3580 1202 3643 ut
1213 3578 1286 3643 vir-

242 3691 338 3776 gines
351 3689 392 3755 de
406 3690 542 3776 Templo
556 3689 690 3755 domum
706 3695 961 3759 reverterentur
976 3696 1011 3757 et
1025 3691 1108 3756 viris
1119 3690 1285 3777 legittime

236 3805 476 3892 jungerentur.
490 3804 592 3891 Cujus
607 3805 767 3872 mandato
780 3826 854 3871 cum
868 3810 978 3872 cetere
990 3805 1197 3891 paruissent,
1213 3807 1286 3872 sola

91 3911 95 3917 ’
183 3923 185 3926 ’
242 3921 353 3985 Maria
375 3921 468 3985 exire
495 3920 644 3999 nolebat,
678 3920 793 3986 dicens
817 3920 903 4007 quod
931 3922 1071 3987 Domino
1092 3913 1284 3988 castitatem

243 4055 337 4099 suam
364 4040 515 4102 voverat.
548 4037 641 4101 Tunc
671 4035 823 4122 pontifex
856 4015 1050 4123 intelligens
1074 4036 1282 4123 Scripturam

241 4171 303 4241 que
330 4149 410 4220 dicit
433 4151 586 4220 :Vovete
615 4155 650 4218 et
679 4151 822 4230 reddite,
855 4152 1038 4242 nolensque
1064 4151 1281 4228 consuetudi-
