3164 5016
644 537 821 603 -83-
922 539 924 544 ’

211 681 451 747 monasterium
473 679 564 745 rexit
584 697 644 764 per
667 677 780 744 decem
807 696 951 743 menses.
973 677 1141 744 Iste-erat
1158 677 1250 762 prior

211 796 325 863 Sancti
342 795 427 882 Lupi
440 794 480 860 de
493 792 626 872 Naudo,
644 793 701 860 ubi
713 793 957 880 pulcherrimas
971 792 1087 859 domos
1100 792 1249 860 edificari

212 909 303 995 iecit,
322 915 356 978 et
378 911 544 978 maximas
565 910 741 976 clausuras
759 927 929 976 murorum
950 911 1039 976 circa
1051 909 1249 997 granchiam

209 1029 244 1093 in
263 1029 357 1094 colle.
380 1027 470 1094 Obiit
495 1031 644 1114 tempore
663 1025 775 1092 domni
800 1026 931 1094 Galteri
957 1027 1109 1104 Cornuti,
1141 1027 1249 1092 Seno·

209 1146 324 1211 nensis
340 1144 592 1230 archiepiscopi,
615 1143 700 1216 etin
718 1142 865 1229 capitulo
881 1142 1055 1229 sepelitur.

254 1259 464 1328 Gnurnrous.
482 1259 585 1325 Anno
597 1259 728 1325 Domini
748 1258 795 1323 Μο
808 1257 874 1325 00⁰
889 1258 964 1322 XL⁰
976 1277 1036 1344 per
1053 1258 1143 1324 uiam
1165 1278 1254 1325 com-s

218 1377 375 1463 promissi
405 1374 470 1443 iuit
492 1376 619 1443 clectus
646 1375 681 1440 in
708 1373 863 1442 abbatem
888 1372 1030 1440 domnus
1044 1371 1249 1454 Gauiridus;

214 1493 303 1560 iilius
333 1492 398 1561 fuit
429 1490 746 1579 cujusdam‘militis
770 1491 811 1557 de
844 1491 1074 1578 Montigniaeo
1099 1492 1253 1560 Laucout

215 1611 349 1677 nomine
364 1608 538 1676 Gnidonis.
555 1611 668 1696 Nepos
686 1606 750 1675 fuit
769 1607 884 1674 domni
906 1608 1109 1688 Normanni,
1137 1607 1255 1675 Sancti

215 1725 359 1812 Remigii
377 1723 521 1803 abbatie,
536 1723 753 1810 etcujusdam
767 1723 900 1790 abbatis
915 1723 956 1788 de
968 1724 1111 1790 Norrais
1126 1723 1255 1790 ordinis
1269 1721 1305 1784 to
1338 1737 1341 1744 ·

215 1841 480 1927 cysterciensis;
520 1839 789 1925 consanguineus
827 1837 939 1904 domni
981 1839 1156 1906 Guillermi
1194 1840 1255 1905 Ju-‘

215 1956 319 2035 tardi,
338 1954 470 2023 abbatis
495 1955 603 2042 primo
623 1956 824 2042 Morigniaci
846 1958 880 2022 et
900 1960 1017 2042 postea
1044 1956 1160 2024 Sancti
1187 1957 1257 2022 Re·

215 2073 309 2160 migii
342 2072 557 2150 senonensia,
586 2075 620 2138 et
647 2072 916 2159 consanguineus
944 2071 1087 2150 Gabari,
1125 2071 1256 2138 Gitonis

212 2188 370 2269 fratrum,
384 2189 522 2256 Henrici
535 2193 569 2256 et
583 2187 713 2254 Gitonis
728 2192 886 2277 nepotum
898 2187 1136 2268 Cornutorum,
1154 2188 1255 2258 Sene·

216 2305 370 2371 nensium
414 2305 755 2391 archiepiscoporum)
795 2304 1013 2392 Temporibus
1043 2306 1191 2392 ipsorum
1222 2309 1257 2373 et

216 2419 423 2507 temporibus
439 2420 658 2506 quorumdam
680 2421 823 2486 aliorum
843 2421 900 2507 qui
917 2421 1008 2488 inter
1023 2422 1108 2489 istos
1123 2422 1258 2488 archie-

215 2537 342 2622 piscopi
368 2535 518 2613 fuerunt,
544 2537 703 2604 ‘videlicet
732 2536 908 2604 Guillermi
933 2538 974 2603 de
1002 2539 1135 2617 Brocia,
1163 2539 1258 2606 Petri
1336 2553 1338 2560 ⁴

216 2651 257 2716 de
272 2651 460 2718 Charniaco
481 2655 516 2719 et
533 2653 627 2720 Petri
647 2652 686 2718 de
706 2653 866 2720 Anisiaco
882 2653 985 2720 abbas
1008 2652 1084 2731 fuit,
1105 2655 1258 2741 quamvis

216 2771 298 2834 tunc
312 2768 346 2832 in
364 2772 530 2834 conventu
552 2773 667 2836 essent
687 2769 924 2856 quamplurimi
941 2768 1139 2837 sufficientis
1163 2769 1259 2837 litte-

218 2886 346 2963 rature,
368 2886 439 2972 ipse
446 2885 581 2972 juvenis
603 2891 637 2953 et
655 2905 774 2973 parum
788 2888 962 2954 litteratus
974 2891 1088 2954 tamen
1102 2886 1259 2954 sacerdos
1270 2892 1309 2955 20

217 3005 251 3068 et
263 3001 470 3068 infirmarius
480 3003 580 3090 hujus
592 3003 657 3070 ¹loci
673 3003 799 3071 electus
813 3003 891 3082 fuit,
906 3008 942 3072 et
955 3025 975 3070 a
987 3004 1259 3073 domno‘Galtero

219 3117 469 3204 archiepiscopo
482 3124 549 3186 non
559 3117 642 3184 bene
657 3121 891 3187 consenciente
907 3119 949 3186 ad
962 3121 1215 3207 requisitionem
1224 3125 1259 3189 et

219 3253 378 3320 magnam
408 3235 607 3302 instantiam
636 3235 749 3302 domni
778 3236 907 3303 Gitonis
935 3241 1017 3304 tunc
1055 3237 1258 3304 Senonensis

220 3350 473 3438 archidyaconi,
489 3357 607 3438 postea
624 3353 878 3440 archiepiscopi,
889 3352 1107 3421 confirmatus
1123 3358 1155 3421 et
1172 3352 1259 3441 apud

219 3467 421 3534 Nailliacum
441 3468 626 3556 pontificali
643 3469 875 3537 bencdictione
890 3469 1097 3554 benedictus,
1117 3471 1152 3535 in
1172 3468 1258 3537 festo
1357 3489 1359 3502 ·

221 3587 414 3652 sanctorum
430 3585 584 3653 Gervasii
599 3590 633 3652 et
652 3585 825 3652 Prothasii
849 3590 1051 3672 martyrum,
1069 3582 1184 3651 eodem
1207 3604 1260 3649 su·

220 3699 372 3786 predicto
398 3721 498 3783 anno,
516 3703 551 3766 in
573 3702 689 3769 Sancti
709 3702 804 3768 Petri
825 3702 1068 3768 monasterium
1090 3703 1256 3786 receptus

221 3814 345 3880 Eodem
376 3817 429 3882 die
462 3819 665 3904 receptionis
694 3837 764 3895 sue,
788 3816 898 3884 subito
917 3821 1039 3885 ventus
1068 3817 1259 3884 contrarius

222 3930 367 4018 disrupit
377 3939 608 4020 cooperturam
625 3933 730 4001 turris
744 3949 995 4019 campanarum.
1007 3935 1169 4020 Tempore
1184 3952 1257 4010 suo,

223 4047 263 4114 de
282 4067 446 4116 consensu
459 4055 643 4118 conventus
655 4048 808 4120 vendidit
821 4068 957 4116 manum
970 4054 1138 4117 mortuam
1151 4049 1260 4116 homi·
1270 4047 1309 4112 30

223 4183 317 4232 num·
331 4169 365 4235 et
392 4167 569 4234 mulierum
606 4168 720 4234 Sancti
750 4165 844 4234 Petri
873 4167 952 4235 Vivi
976 4168 1012 4233 in
1034 4167 1141 4254 burgo
1166 4173 1200 4234 et
1225 4166 1260 4231 in
