3180 5012
759 479 934 546 -12-
1051 424 1054 430 Ι

329 624 563 712 inseparabilis
591 623 759 704 deitatis,
776 621 918 707 quedam
944 623 1058 699 Pater,
1080 620 1220 707 quedam
1242 619 1362 696 Filius,

330 741 470 828 quedam
509 741 654 826 Spiritus
698 740 841 806 Sanctus
876 739 1010 825 proprie
1041 737 1230 822 exequitur,
1249 741 1365 802 nostre

329 855 507 945 dispositio
523 849 776 945 redemptionis
791 860 907 922 nostre
921 855 1040 921 salutis
1057 859 1110 921 est
1123 853 1224 919 ratio.

659 1109 702 1156 DE
726 1108 887 1156 ADVENTU
911 1107 1033 1156 DOMINI

374 1322 408 1387 Si
438 1339 519 1387 vero
550 1321 650 1386 homo
678 1321 719 1386 ad
743 1322 935 1407 ymaginem
961 1326 995 1385 et
1024 1318 1277 1385 similitudinem
1308 1319 1366 1384 Dei

331 1437 442 1503 iactus
467 1437 502 1500 in
524 1456 582 1501 sue
597 1440 718 1502 nature
737 1437 865 1502 honore
887 1438 1080 1513 mansisset,
1108 1455 1170 1500 nec
1192 1434 1368 1520 dyabolica

331 1550 450 1616 fraude
466 1549 622 1636 deceptus
638 1571 658 1616 a
677 1550 750 1637 lege
771 1549 834 1615 sibi
849 1552 961 1637 posita
979 1571 1040 1637 per
1056 1551 1367 1634 concupiscenciam

333 1664 514 1741 deviasset,
531 1684 592 1729 nec
606 1669 738 1731 creator
753 1664 869 1730 mnndi
884 1669 1041 1732 creatura
1055 1664 1152 1731 fieret
1167 1685 1273 1749 neque
1287 1685 1369 1729 sem·

332 1781 484 1868 piternus
499 1781 783 1864 temporalitatem
801 1780 939 1847 subiret.
958 1781 1021 1846 Sed
1043 1781 1121 1866 quia
1140 1779 1267 1845 invidia
1283 1779 1368 1865 dya-

286 1896 399 1963 ltlboli
422 1914 513 1960 mors
542 1896 696 1962 introivit
719 1897 753 1960 in
774 1896 887 1962 orbem
909 1901 1091 1974 terrarum,
1110 1901 1145 1962 ot
1170 1896 1269 1962 aliter
1284 1895 1368 1960 solvi

233 2069 235 2076 .
332 2012 481 2076 humana
500 2011 679 2096 captivitas
701 2030 767 2102 non
792 2013 913 2096 potuit,
937 2012 1004 2075 nisi
1030 2031 1165 2077 causam
1184 2011 1241 2076 ille
1262 2011 1369 2076 susci-

334 2141 439 2213 peret,
464 2127 519 2212 qui
542 2127 614 2190 sine
637 2127 827 2213 majestatis
850 2148 908 2191 sue
933 2126 1076 2212 dampno
1097 2131 1131 2193 et
1147 2147 1247 2191 verus
1270 2127 1369 2191 homo

333 2243 430 2309 fieret
450 2249 485 2309 et
503 2241 594 2306 solus
609 2242 737 2328 peccati
760 2242 952 2326 contagium
974 2261 1041 2306 non
1058 2241 1210 2318 haberet,
1228 2240 1314 2324 ideo,
1333 2246 1370 2308 ut

335 2358 417 2424 dicit
428 2357 622 2442 Apostolus,
638 2357 731 2423 misit
748 2357 835 2420 Deus
849 2356 955 2420 filiurn
971 2377 1066 2420 suurn
1088 2357 1252 2434 interris,
1273 2377 1368 2442 quem

334 2474 496 2560 prophete
527 2469 757 2537 desiderantes
787 2472 1099 2557 proclamantesque
1136 2471 1367 2556 predixerunt.

336 2587 431 2652 Unde
445 2589 581 2672 Moyses
601 2586 784 2674 :Obsecro
810 2586 962 2664 Domine,
978 2587 1074 2653 mitte
1091 2607 1186 2672 quem
1206 2587 1371 2651 missurus

335 2725 391 2784 es;
408 2705 531 2769 Ysaias
547 2725 553 2769 :
573 2703 625 2768 Ex
639 2703 729 2788 Syon
743 2704 832 2769 exiet
843 2703 899 2767 lex
910 2707 944 2769 et
958 2703 1096 2768 verbum
1114 2703 1246 2767 Domini
1259 2703 1299 2766 de
1312 2703 1330 2766 J
1334 2723 1370 2766 e-

335 2820 500 2896 rusalem;
517 2819 617 2884 item:
637 2818 654 2881 J
660 2816 807 2886 udicabit
818 2823 935 2904 gentes
950 2821 984 2884 et
1003 2823 1123 2904 arguet
1139 2818 1277 2903 populos
1290 2817 1372 2881 mul-

335 2938 401 3010 tos,
417 2938 452 2998 et
465 2933 529 2998 hoc
544 2937 597 3000 est
613 2953 733 2998 nomen
747 2933 841 3019 quod
859 2934 1025 2999 vocabunt
1044 2954 1119 2998 eum
1142 2935 1302 2999 Dominus
1313 2934 1372 3020 ju-

288 3052 326 3114 20
338 3055 410 3117 stus
428 3054 561 3128 noster3
593 3051 695 3117 item:
722 3050 950 3136 Cognoscetur
976 3051 1135 3115 Dominus
1162 3050 1203 3115 ab
1219 3052 1369 3136 Egypt03

337 3165 439 3231 item:
465 3165 540 3250 Ipse
555 3167 669 3232 veniet
685 3171 718 3233 et
735 3166 869 3231 sanabit
885 3185 967 3244 nos;
989 3166 1090 3231 item:
1108 3165 1271 3231 videbunt
1290 3186 1373 3251 gen-

337 3285 390 3347 tes
419 3281 549 3366 justum
589 3284 684 3346 tuum
717 3285 751 3346 et
792 3281 904 3346 cuncti
937 3300 1033 3366 reges
1067 3280 1224 3346 inclitum
1251 3286 1370 3359 tunm;

338 3397 437 3462 item:
471 3396 616 3482 Populus
641 3396 696 3480 qui
720 3394 914 3461 ambulabat
936 3395 971 3459 in
992 3394 1141 3460 tenebris
1160 3393 1246 3460 vidit
1267 3394 1373 3459 lucem

338 3529 517 3596 magnam;
544 3508 778 3575 habitantibus
805 3509 840 3572 in
866 3510 1004 3595 regione
1030 3510 1145 3574 umbre
1173 3509 1292 3575 mortis
1317 3509 1376 3574 lux

339 3630 416 3692 orta
437 3629 490 3692 est
514 3625 574 3690 eis.
598 3625 766 3690 Paruulus
788 3625 884 3699 enim¹
906 3629 1006 3691 natus
1031 3629 1084 3690 est
1112 3625 1207 3690 nobis
1231 3629 1264 3691 et
1286 3624 1375 3690 filius

339 3740 438 3807 datus
451 3743 503 3806 est
521 3739 629 3805 nobis
645 3739 831 3805 Vocabitur
844 3759 965 3804 nomen
977 3740 1049 3824 ejus
1061 3739 1282 3816 admirabilis,
1298 3759 1375 3805 con·

340 3856 489 3921 siliarius
509 3855 595 3920 Deus
607 3854 717 3931 fortis,
735 3859 832 3940 pater
847 3854 952 3921 futuri
967 3855 1081 3931 seculi,
1100 3856 1254 3940 princeps
1269 3832 1373 3940 pacis.

341 3973 449 4037 Item:
467 3969 639 4037 Videbunt
653 3990 768 4035 omnes
785 3970 869 4035 fines
884 3973 976 4037 terre
997 3971 1146 4037 salutare
1174 3971 1233 4035 Dei
1253 3971 1373 4037 nostri.

342 4085 468 4168 David:
486 4085 633 4165 Ostende
656 4086 764 4181 nobis,
784 4085 936 4180 Domine,
955 4086 1223 4167 misericordiam
1235 4091 1328 4165 tuam
1343 4092 1377 4168 et
