3164 5016
762 506 940 574 ..60..
1013 551 1016 556 .

333 651 494 736 fustigari
514 653 631 737 jussus
659 652 729 727 est,
758 652 793 714 et
818 649 867 714 sic
890 645 1092 733 martyrium
1112 650 1369 717 consummavit.

310 846 312 850 ι
332 767 379 830 De
402 765 551 851 ipsorum
566 764 717 849 reliquiis
731 762 963 850 partiunculas
978 782 1229 830 conservamus.

469 1015 512 1060 DE
535 1013 705 1070 RELIQUIIS
727 1009 847 1060 SANCTI
871 1013 1025 1074 Gnoson,
1055 1014 1228 1062 MARTYRIS

376 1233 417 1298 ln
439 1229 567 1318 perfida
598 1229 645 1316 (1)
677 1229 815 1296 civitate
844 1228 1017 1314 Dyospoli,
1034 1248 1154 1316 passus
1172 1227 1237 1296 luit
1255 1229 1374 1298 beatus

332 1347 510 1434 Georgius,
532 1345 629 1411 miles
648 1325 933 1414 Christinobilis.
954 1343 1056 1430 Cujus
1069 1344 1173 1411 Gesta
1189 1345 1369 1431 passionis,

331 1466 366 1529 et
384 1462 412 1526 si
429 1463 522 1528 intra
540 1460 739 1546 apocriphas
754 1464 1019 1544 connumeratur
1041 1461 1240 1546 scripturas,
1256 1465 1372 1528 tamen

330 1577 598 1645 illustrissimum
613 1575 685 1662 ejus
706 1576 908 1660 martyrium
923 1575 1014 1642 inter
1029 1595 1170 1643 coronas
1183 1581 1371 1663 martyrum

331 1693 373 1758 ab
397 1692 544 1761 ecclesia,
565 1691 624 1756 Dei
658 1689 898 1757 venerabiliter
927 1690 1125 1759 honoratur.
1160 1693 1207 1757 Dc
1234 1711 1372 1779 corpore

332 1808 440 1893 ipsius
459 1807 618 1892 reliquias
632 1805 793 1872 habemus
820 1826 903 1891 quas
920 1805 1125 1884 Alexander,
1144 1807 1311 1893 presbiter
1331 1807 1372 1872 de

289 1932 322 1995 lo
335 1921 468 2000 Nande,
488 1922 681 2009 capellanus
697 1921 830 1988 comitis
850 1920 1240 2006 Stephani,monasterio
1257 1923 1371 1992 Sancti

335 2038 429 2104 Petri
443 2039 609 2105 vincum
625 2037 702 2102 aliis
716 2035 867 2120 reliquiis
881 2035 1093 2103 condonavit.
1147 2085 1149 2088 -

463 2249 466 2254 ·
534 2290 578 2336 DE
607 2287 777 2345 RELIQUIIS
800 2286 921 2336 samoni
944 2286 1167 2335 CHRISTOFORI

375 2500 518 2567 Sanctus
542 2499 774 2568 Christoforus
800 2501 835 2565 in
856 2499 953 2592 Licia
968 2501 1107 2568 civitate
1125 2500 1248 2568 Samon
1264 2504 1370 2590 virgis

331 2617 453 2684 ferreis
476 2617 617 2684 attritus
648 2622 681 2685 et
707 2616 852 2683 flammis
880 2617 1027 2684 incendii
1054 2621 1223 2688 estuantis
1243 2619 1372 2689 Christi·

329 2735 474 2801 uirtutes
484 2733 617 2800 alvatus
630 2732 672 2798 ad
681 2733 836 2800 ultimum
845 2733 1048 2825 sagittarum
1066 2734 1189 2801 ictibus
1203 2734 1367 2814 confixus,

328 2849 532 2934 martyrium
549 2849 669 2934 capitis
691 2832 948 2918 obtruncatione
971 2851 1160 2937 complevit.
1184 2851 1295 2938 Ipsius
1317 2871 1369 2918 sa·

331 2983 406 3029 cras
420 2963 581 3049 reliquias
600 2984 849 3032 conservamus.

437 3213 480 3263 DE
504 3195 689 3265 UNGUENTO
709 3216 913 3268 sanctonum
937 3218 1131 3268 MARTYRUM
1155 3219 1262 3268 GOSME

739 3333 783 3379 ΕΤ
812 3332 959 3382 DAMIANI

283 3549 321 3611 20
376 3543 473 3609 Beati
501 3540 639 3607 Cosmas
668 3547 702 3610 et
736 3545 919 3610 Damianos
947 3509 1010 3610 suli
1041 3499 1263 3631 Dyocleciano
1294 3554 1370 3635 post

331 3657 438 3724 multa
461 3661 633 3724 tormenta
653 3657 818 3744 capitibus
838 3659 1042 3744 plectuntur.
1065 3662 1112 3728 De
1134 3667 1306 3748 unguento
1328 3664 1369 3729 ab

332 3774 415 3859 ipsis
431 3773 472 3839 ob
490 3792 637 3840 amorem
647 3772 774 3841 Christi
791 3771 880 3862 tacto
895 3795 969 3840 cum
982 3775 1133 3860 reliquiis
1148 3777 1224 3842 aliis
1239 3798 1371 3844 conser-
1450 3768 1452 3772 ’

237 3948 246 3964 ,
330 3909 460 3954 ramus.

365 4125 401 4189 (l)
419 4129 451 4175 Le
467 4126 603 4176 manuscrit
616 4130 682 4188 porte
696 4131 800 4186 perfide.
