3168 5012
634 585 826 649 -177-

251 728 284 792 5.
304 759 348 778 -
364 727 485 792 Nonis.
502 721 652 791 -Obiit
676 723 900 804 Theobaldus,
923 723 1071 790 decanus
1095 721 1136 787 de
1155 722 1246 789 Vau-

211 861 320 917 monr,
333 860 395 926 pro
407 859 471 926 qno
482 839 584 906 habet
597 844 782 906 conventus
793 840 827 903 in
843 836 946 904 bursa
959 835 1120 904 abbatisv
1132 857 1158 902 s.
1168 856 1243 922 par.

239 956 329 1003 Annas.

251 1043 285 1110 6.
301 1080 344 1094 -
360 1043 443 1109 VIII
456 1042 522 1109 Yd.
542 1080 585 1090 -
600 1040 662 1109 Ob.

249 1163 281 1226 7.
301 1197 345 1208 —
365 1160 429 1225 VII
454 1158 519 1224 Yd.
532 1195 575 1206 -
589 1155 682 1224 Obiit
709 1157 904 1242 Guiburgis‚
932 1153 1244 1241 reliotaCoignaut,

206 1296 266 1362 pro
285 1295 351 1360 qua
376 1273 479 1340 habet
500 1276 697 1349 conventus,
716 1289 817 1357 snper
838 1271 971 1336 vineam
993 1288 1056 1353 que
1080 1272 1133 1334 est
1155 1267 1247 1333 ultra

206 1391 333 1457 Nucem
352 1387 392 1455 de
409 1388 593 1466 Oroeart,v
609 1409 637 1452 s.
653 1407 742 1474 par.,
753 1387 787 1451 vi
801 1385 833 1451 d.
852 1384 1049 1484 elemosina,
1063 1385 1109 1450 vi.
1124 1382 1157 1448 d.
1168 1382 1245 1468 pul-

210 1510 354 1572 satores.

183 1619 185 1624 '
236 1619 485 1678 Rationacternus,
501 1623 524 1664 et
543 1619 703 1676 Guttletmuo,
729 1619 832 1674 fratres,
852 1619 883 1663 de
909 1621 999 1664 saneto
1021 1616 1147 1662 Gernrano
1162 1620 1247 1661 tenent

208 1707 334 1754 Gelterius
347 1707 378 1752 de
387 1707 450 1751 Bene
459 1709 533 1751 tenet.
547 1702 582 1766 (l)

250 1794 282 1861 8.
297 1829 341 1842 -
356 1794 404 1861 VI
425 1793 492 1858 Yd.
509 1830 553 1840 -
575 1789 740 1859 Obierunt
764 1791 956 1868 Renandus,
988 1792 1180 1877 prepositus
1206 1792 1246 1856 de

205 1908 385 1974 Venisiaoo
400 1913 434 1974 et
449 1907 521 1992 ejus
532 1926 629 1984 uxor,
641 1927 701 1992 pro
718 1907 837 1993 quibus
855 1906 957 1973 habet
970 1910 1169 1985 conventus,
1188 1926 1248 1971 su-

205 2042 266 2109 per
280 2021 507 2089 molendinum
523 2020 581 2086 des
594 2021 739 2088 Paillart
750 2022 809 2087 viii
834 2042 861 2086 s.
878 2025 919 2104 t.,
932 2021 980 2086 xii
996 2019 1028 2086 d.
1049 2020 1244 2097 elemosina,

205 2135 300 2201 xiid.
317 2136 521 2222 pulsatores,

249 2251 335 2318 ltem
356 2250 441 2319 obiit
455 2251 634 2329 GobertuS,
651 2271 846 2329 conversus,
866 2270 927 2338 pro
952 2271 1017 2337 qno
1039 2251 1143 2320 habet
1168 2270 1244 2317 oon·

204 2370 353 2445 uentus,
383 2387 483 2454 super
520 2387 657 2434 censum
695 2370 730 2433 et
770 2370 904 2452 pratum
939 2386 1002 2451 que
1039 2366 1243 2452 adquisivit,
1276 2409 1280 2418 -

206 2482 265 2547 viii
279 2503 305 2549 s.
319 2488 362 2563 t.,
377 2485 425 2549 xii
442 2483 474 2550 d.
493 2484 689 2560 elemosina,
705 2483 753 2547 xii
768 2482 802 2547 d.
816 2481 1020 2568 pulsatores.

250 2595 335 2662 Item
350 2595 434 2665 obiit
451 2597 625 2673 Ansellus,
650 2598 743 2684 prior
759 2595 800 2662 de
815 2596 949 2675 Nando,
979 2618 1041 2683 pro
1056 2617 1120 2684 quo
1144 2599 1247 2667 habet

143 2767 151 2778 .
204 2715 400 2788 conventus,
424 2731 524 2798 super
536 2711 689 2779 redditus
705 2731 788 2798 qnos
804 2711 988 2798 adquisivit
1004 2713 1091 2800 opud
1105 2714 1247 2781 Auxou-

206 2844 298 2903 num,
322 2828 358 2891 ix
370 2846 398 2892 e.
413 2819 461 2910 't.,
483 2829 517 2893 ui
542 2826 575 2894 d.
591 2828 787 2906 elemosina,
802 2829 836 2894 vi
852 2827 882 2893 d.
904 2828 1109 2927 pulsatores.

206 2978 211 2986 .
237 2941 306 2988 Prior
314 2941 344 2988 de
354 2942 485 2990 Auxonno.

248 3029 282 3095 9.
302 3029 388 3094 -V
413 3029 477 3095 Yd.
495 3029 642 3097 -Obiit
664 3029 846 3096 Guibertus
872 3029 912 3096 de
937 3031 1158 3112 Monasterio,
1185 3055 1247 3120 pro

120 3217 125 3232 ι
201 3162 267 3228 qno
286 3144 389 3211 habet
405 3149 590 3211 conventus
604 3195 612 3223 ,
625 3164 725 3231 snper
739 3151 872 3212 vineam
893 3165 937 3212 au
950 3147 1060 3216 Minat
1071 3149 1174 3234 juxta
1192 3151 1247 3215 vi·

202 3260 451 3344 neemlaquete
463 3259 496 3326 la
507 3259 651 3338 Cornue,
666 3261 716 3325 iiii
734 3281 759 3326 s.
780 3282 828 3347 p.‚
846 3263 879 3328 ri
896 3261 931 3327 d.
949 3263 1133 3329 elemosina
1145 3265 1179 3331 vi
1193 3264 1242 3343 d.,

205 3374 409 3460 pulsatores.

236 3488 385 3536 Thiebnldus
396 3489 506 3545 Quatros.

249 3533 702 3645 10.-1111Yd.-Obiit
731 3580 867 3657 Petrus,
897 3580 1146 3661 thesaurarius,
1184 3603 1245 3668 pro

204 3710 269 3776 quo
291 3690 393 3757 habet
411 3696 608 3769 conventus,
627 3710 728 3777 super
740 3692 857 3757 vineas
875 3691 963 3779 apud
980 3694 1152 3794 Sanoeias,
1172 3715 1197 3759 x
1214 3716 1243 3763 s.

203 3825 291 3893 par,
307 3808 356 3873 xii
372 3807 405 3872 d.
422 3808 618 3884 elemosina,
632 3808 681 3873 xii
705 3807 737 3873 d.
758 3808 961 3895 pulsatores.

237 3922 424 3971 thesaurarius.

236 4112 270 4176 (l)
287 4116 325 4161 lin
344 4113 396 4160 lieu
410 4114 582 4171 dooesnoms,
593 4115 666 4164 terite
685 4127 728 4162 sur
747 4127 797 4162 une
813 4114 881 4174 ligna
899 4115 1000 4174 gratioe,
1015 4114 1037 4162 le
1059 4125 1097 4161 ms
1116 4115 1143 4160 56
1161 4117 1243 4174 porte:

209 4202 358 4251 (luillelmus
369 4202 552 4251 Cambellanus.
566 4205 695 4251 -Petrns
706 4205 839 4251 desereto
852 4206 987 4252 Germano.
1034 4211 1036 4215 ·
