3168 5012
743 485 943 554 ..232-

321 641 407 698 terre
418 634 477 716 qui
489 640 536 698 est
549 650 594 696 ou
606 629 759 713 ohiefdes
773 631 917 712 Plantas,
929 628 1061 696 dorrter
1074 630 1101 695 le
1113 632 1251 712 molim;
1267 631 1359 695 demi

322 757 455 832 arpent.

588 835 816 901 summoniti
835 838 876 902 lb.
903 841 938 902 vt
952 858 980 904 s.
1000 840 1051 901 vti
1064 838 1099 900 d.

361 955 531 1019 'levantes
550 952 576 1017 li
593 953 771 1034 tou-tenero,
791 956 843 1017 nii
857 973 885 1019 s.
900 973 1002 1038 super
1016 953 1155 1018 domm
1166 954 1206 1020 de
1222 957 1294 1020 otoo
1310 954 1349 1018 de

321 1070 435 1134 Protin
450 1065 506 1154 (l).

579 1345 762 1396 DECEMBER
785 1347 896 1394 ΗΑΒΕΤ
920 1347 994 1396 DIES
1016 1348 1104 1396 XXXI

367 1513 398 1576 l.
415 1549 458 1560 —
475 1509 649 1576 Kalendis.
665 1547 708 1557 -
725 1510 789 1576 Hio
809 1510 974 1578 debentur
986 1529 1046 1598 pro
1058 1510 1160 1577 terris
1176 1509 1216 1576 de
1231 1511 1354 1577 Hurre.

366 1626 457 1693 Obiit
476 1626 642 1704 Clemens,
670 1625 824 1704 clericus,
853 1646 1001 1712 proquo
1030 1626 1133 1693 habet
1159 1630 1356 1704 conventus

321 1763 421 1829 snper
435 1741 569 1810 domum
586 1742 638 1808 vel
651 1743 798 1829 plateam
810 1744 910 1830 juxta
924 1746 1056 1811 ueteres
1069 1761 1220 1809 cameras
1235 1762 1297 1827 que
1312 1747 1360 1808 te·

322 1851 445 1926 nentur
459 1879 479 1924 a
492 1859 720 1942 thesaurario,
732 1858 779 1925 vii
798 1879 823 1924 s.
837 1880 886 1946 p.,
900 1859 934 1925 vi
946 1859 1140 1937 elemosina,
1152 1859 1186 1924 vi
1198 1857 1228 1923 d.
1247 1858 1357 1945 pulsa·

319 1981 425 2044 tores.

350 2093 537 2142 Thesuurmius.

363 2183 449 2250 Item
473 2182 556 2249 obiit
572 2181 782 2261 Guilelmus,
810 2182 1048 2260 cementarius
1077 2200 1138 2268 pro
1165 2201 1230 2268 quo
1255 2179 1357 2247 habet

319 2303 516 2377 conventus,
532 2318 632 2385 super
644 2299 776 2365 vineam
790 2300 825 2364 in
847 2298 1025 2364 Cleomene·
1041 2297 1088 2386 (2)
1100 2299 1137 2363 iii
1153 2318 1181 2364 s.
1198 2302 1224 2365 t.

350 2413 470 2462 Dominus
486 2413 618 2462 Nioholans
632 2413 662 2462 de
675 2413 802 2464 Serbonia.
817 2416 890 2460 -ln
906 2415 1038 2462 Chaseren.

362 2506 396 2588 2.
413 2542 457 2553 -
472 2503 539 2570 llll
559 2505 647 2570 Non.
662 2541 706 2552 -
717 2503 778 2569 Ob.

363 2597 764 2686 s.-111·u0n.-ou.

362 2735 394 2800 4.
411 2772 455 2782 -
469 2733 502 2800 Il
521 2735 607 2801 Non.
621 2773 665 2784 —
676 2733 986 2803 Sancti-Benedicti.
1001 2734 1164 2803 Obienunt
1175 2735 1352 2802 Rioherius

318 2847 423 2916 Doart
436 2853 470 2916 et
486 2848 724 2938 Huldeburgis,
747 2872 832 2918 uxor
846 2852 930 2939 ejus,
947 2871 1007 2938 pro
1025 2850 1143 2938 quibus
1160 2851 1262 2919 habet
1277 2873 1351 2920 oon-

316 2969 449 3043 ventus,
469 2985 569 3051 super
583 2966 717 3032 vineam
739 2967 775 3031 in
797 2967 1059 3047 Rubeo-Monte,
1081 2988 1102 3033 v
1120 2987 1147 3032 s.
1170 2973 1197 3034 t.

346 3089 472 3137 lohannes
488 3089 568 3138 dictus
578 3091 658 3138 Monet
670 3089 698 3153 [li
714 3089 835 3140 Dimonnl.
849 3092 884 3140 Ms
899 3089 947 3154 56],
959 3091 986 3139 iii
999 3104 1021 3143 s.
1032 3091 1071 3139 vi.
1088 3093 1115 3143 d.
1133 3095 1148 3139 t.

347 3179 471 3227 lohannes
482 3179 613 3227 Lomhardi
629 3181 691 3228 xviii
701 3181 727 3230 (l.
739 3184 756 3233 t.
772 3205 803 3216 —
822 3180 920 3246 [Droins
934 3181 964 3229 do
976 3181 1064 3229 Dimon
1074 3182 1116 3230 xxi
1126 3183 1153 3232 d.
1174 3207 1204 3218 -
1216 3182 1305 3230 Folisot
1318 3183 1349 3230 de

315 3268 404 3316 Dimon
418 3269 460 3316 xxi
472 3269 529 3316 ‹l.-
542 3269 627 3318 Petrus
643 3260 734 3329 Esebln
746 3271 850 3319 clericus
864 3271 926 3318 xviii
941 3272 966 3320 d.
978 3275 994 3318 t.
1009 3273 1043 3320 lls
1055 3268 1102 3333 tt]

358 3366 389 3432 5.
408 3403 452 3414 -·
466 3367 585 3434 Nonis,
602 3405 646 3416 -
662 3366 825 3436 Obierunt
846 3369 1044 3438 Guillelmus
1061 3370 1294 3442 cambellanus
1317 3380 1351 3442 et
1372 3386 1374 3392 '

344 3601 379 3666 (1)
390 3603 422 3651 Le
432 3606 475 3653 lls.
492 3607 520 3653 56
532 3607 614 3665 ajoute
628 3607 673 3657 iei:
686 3609 793 3656 Summe
804 3611 883 3657 xxxta
902 3612 929 3658 u.
951 3613 980 3658 iii
997 3626 1018 3660 s.
1031 3613 1060 3660 iit
1073 3616 1100 3660 d.
1117 3621 1218 3674 excepto
1234 3617 1351 3676 Maleue-

317 3694 488 3746 vicecomitis.

345 3787 441 3834 Relicta
462 3788 538 3847 Petri,
555 3790 683 3849 paupera,
698 3803 713 3835 υ
729 3802 752 3839 s.
781 3791 810 3850 tii
828 3793 856 3838 d.
877 3791 906 3836 iii
928 3793 1039 3850 poluisse
1051 3807 1112 3851 par.
1133 3795 1185 3841 dei
1204 3797 1317 3854 quartier
1331 3802 1354 3844 et

312 3877 380 3921 demi
396 3879 427 3924 de
446 3877 535 3935 otnyne
549 3879 593 3936 qut
606 3879 636 3936 (u
649 3880 692 3936 feu
705 3880 797 3927 Jeuam
810 3881 892 3927 Felix.

344 3966 409 4012 ltem
422 3979 448 4015 o.
463 3978 485 4014 e.
497 3967 526 4013 iii
534 3969 561 4014 d.
574 3969 604 4015 tii
617 3970 728 4028 potoioea
738 3983 806 4028 pour
816 3972 840 4016 la
853 3972 928 4018 tterce
938 3975 1062 4030 partiente
1074 3975 1082 4020 i
1094 3980 1185 4033 arpent
1196 3977 1241 4034 qui
1258 3977 1286 4034 (u
1302 3978 1353 4024 Lo-

313 4061 372 4103 rant
383 4057 512 4105 Grimoart
527 4062 551 4104 et
561 4060 645 4107 leton
658 4060 738 4108 Felio.
798 4043 799 4048 ¹
1199 4062 1203 4068 ’

342 4140 377 4206 (2)
391 4146 423 4194 Le
436 4145 484 4198 lis.
503 4149 531 4194 56
543 4147 648 4208 indique
662 4149 825 4199 Valle-viridi
841 4164 874 4200 au
889 4149 942 4200 lieu
956 4153 986 4203 de
998 4153 1140 4204 (llieseroni.
