3164 5016
767 510 943 578 ..84-

333 653 424 721 villis
452 652 493 720 de
518 653 720 740 Saligniaoo,
750 651 791 718 de
815 653 963 740 Malleyo
987 656 1021 719 61
1046 627 1212 739 usquead
1232 650 1370 719 fluvium

333 768 484 856 Sequano
498 757 559 856 pro
574 788 634 834 sex
651 768 785 834 milibus
801 769 897 834 libris
909 769 1159 856 parisiensium.
1179 769 1278 848 Item,
1299 789 1372 834 mo-

333 886 384 951 rit
408 886 502 952 litem
523 890 643 954 eontra
666 885 848 952 monachos
872 884 914 950 de
935 885 1109 951 Mouriaoo
1133 888 1167 950 et
1194 904 1254 970 per
1280 885 1371 951 riam

334 1001 577 1088 compromissi,
601 1005 701 1088 prout
718 1002 753 1067 in
769 1001 893 1069 litteris
913 1021 1012 1087 super
1030 1001 1093 1068 hoo
1108 1001 1243 1087 scriptis
1260 1002 1372 1068 eonti-

333 1120 445 1195 netur,
464 1116 665 1203 parificavit.
687 1117 786 1195 Item,
802 1117 895 1210 1116111
913 1117 1018 1184 movit
1030 1120 1149 1184 eontra
1162 1116 1323 1204 majorem
1339 1121 1374 1184 et

334 1234 556 1299 communiam
581 1233 806 1300 senonensem
831 1252 944 1300 coram
968 1253 1048 1320 rege
1074 1252 1113 1299 eo
1134 1232 1220 1319 quod
1236 1235 1272 1301 in
1291 1232 1373 1299 bur-

335 1369 412 1437 gum
428 1349 463 1415 vi
482 1350 650 1416 intrantes
666 1348 836 1435 ¹quosdam
860 1349 1013 1414 homines
1038 1349 1154 1418 Sancti
1172 1348 1267 1416 Petri
1285 1350 1373 1416 lese-

334 1459 858 1552 1111161661611111,1161111616
880 1465 1092 1533 emendatum
1111 1464 1176 1533 fuit
1195 1447 1285 1533 dioto
1312 1465 1373 1532 ab·

254 1603 255 1606 ¹
334 1580 417 1649 bati.
442 1583 542 1660 Nam,
559 1583 735 1650 taxatione
750 1581 994 1651 reeordationis
1017 1581 1070 1668 pie
1083 1579 1244 1673 Ludovioi
1267 1581 1370 1668 regis,

288 1713 325 1777 ιο
335 1697 444 1785 major
460 1702 494 1765 et
509 1701 698 1765 communia
715 1699 888 1766 solverunt
902 1698 991 1766 dioto
1011 1698 1216 1765 monasterio
1238 1703 1373 1764 eentum

333 1816 437 1884 libras
451 1837 512 1904 pro
527 1815 680 1883 emenda.
695 1817 792 1900 Item,
807 1820 878 1884 tres
888 1815 1040 1882 hominos
1055 1813 1095 1880 de
1104 1813 1244 1902 justicia
1256 1812 1373 1880 Sancti

333 1933 428 2000 Petri
454 1953 514 2020 per
536 1933 699 2020 judicium
726 1932 842 2000 ballivi
865 1937 899 2002 et
922 1931 1084 2020 prepositi
1107 1931 1210 2018 regis,
1239 1929 1373 2017 procla·

334 2053 447 2121 manto
462 2048 551 2115 dioto
565 2048 685 2116 abbate
701 2047 788 2134 quod
808 2049 961 2115 homines
986 2052 1019 2115 et
1035 2047 1076 2112 do
1091 2047 1233 2134 justinia
1256 2045 1371 2114 Sancti

333 2165 428 2231 Petri
450 2168 576 2242 essent,
606 2183 786 2250 suspensos
805 2183 920 2230 eoram
943 2179 1023 2250 rege
1043 2163 1082 2227 in
1108 2162 1239 2250 palaoio
1260 2162 1374 2247 requi-

335 2279 427 2357 sivit,
445 2277 531 2364 quod
546 2277 759 2346 emendatum
773 2279 859 2344 satis
876 2265 1080 2346 sufficienter
1095 2276 1179 2356 fuit3
1198 2297 1275 2344 nam
1297 2275 1373 2342 bal·

334 2393 421 2460 livua
455 2397 489 2459 et
520 2393 710 2480 prepositus
744 2393 835 2478 regis
868 2391 1106 2460 similitudines
1134 2411 1382 2480 suspensorum¹

334 2508 552 2576 onrie‘Sanoti
574 2508 667 2575 Petri
689 2505 921 2585 reddiderunt,
936 2506 992 2574 ubi
1007 2494 1216 2575 incarcerate
1235 2505 1373 2575 suerunt

333 2628 368 2692 et
382 2628 543 2710 tanquam
556 2627 670 2691 essent
680 2623 830 2691 latrones
843 2624 923 2708 vivi,
936 2625 1059 2690 iterum
1074 2624 1262 2710 persancti
1276 2623 1373 2690 Petri

328 2741 501 2828 justiciam
514 2740 673 2828 judicati.
690 2742 789 2818 Item,
805 2745 924 2808 eontra
948 2740 1124 2827 quemdam
1142 2740 1287 2809 nobilem
1309 2741 1374 2806 mi-

285 2874 324 2937 20
334 2859 428 2926 litem
448 2857 572 2926 dietum
595 2858 796 2924 Amorosum
816 2859 850 2926 ri
866 2859 1090 2945 equitantium
1110 2861 1144 2925 61
1165 2858 1243 2949 jure
1262 2877 1376 2924 coram

260 3034 262 3038 .
329 2974 498 3061 judicibus
518 2974 664 3041 virilitor
677 2975 842 3061 requisito
864 2980 898 3042 et
912 2973 1043 3054 habito,
1059 2973 1229 3062 quoddam
1249 2974 1376 3042 molan·

335 3090 449 3158 dinum
464 3094 499 3158 et
510 3091 684 3178 justiciam
701 3093 737 3156 in
759 3091 910 3178 quodam
925 3092 999 3158 loeo
1015 3111 1118 3178 prope
1143 3091 1372 3158 Serviniacum

336 3209 493 3294 optinuit.
518 3208 616 3285 116111,
638 3211 709 3274 tres
730 3208 912 3276 monachos
933 3208 1295 3276 alteriusmonasterii
1313 3227 1376 3275 vo·

335 3323 397 3390 luit
425 3323 460 3388 in
479 3323 544 3392 hoo
570 3325 776 3390 monasterio
798 3329 918 3412 contra
943 3324 1151 3391 voluntatem
1173 3319 1243 3390 fere
1266 3323 1373 3392 totius

336 3444 519 3506 conventus
543 3437 695 3506 detinere
721 3444 756 3506 et
784 3439 915 3506 cuidam
942 3441 1090 3527 ipsorum
1116 3439 1303 3527 prioratum
1334 3437 1374 3505 de

336 3557 484 3623 elaustro
499 3554 664 3633 conferre,
677 3622 680 3631 ,
692 3556 792 3622 alteri
814 3556 1063 3624 thesaurariam
1084 3559 1119 3622 61
1139 3555 1245 3621 161610
1268 3553 1375 3640 quod-

336 3672 412 3738 dam
428 3669 518 3737 aliud
533 3669 696 3750 officium3
728 3671 785 3738 sed
802 3669 873 3738 1616
893 3691 1008 3738 omnes
1023 3669 1063 3738 de
1086 3675 1252 3739 conventu
1263 3691 1374 3757 super
1475 3677 1478 3682 '

336 3789 400 3854 hoo
416 3788 458 3854 ad
475 3787 632 3854 domnum
657 3781 877 3854 Guillermum
899 3788 942 3854 de
966 3789 1087 3854 Brooia
1101 3791 1182 3854 tuno
1206 3788 1374 3876 archiepi-

338 3926 472 3994 soopnm
488 3905 754 3991 appellaverunt,
778 3904 927 3971 dieentes
947 3902 1033 3989 quod
1055 3903 1138 3970 bene
1160 3903 1320 3972 volebant
1337 3909 1374 3972 ut
1492 3901 1494 3904 ’

287 4021 326 4086 30
338 4022 492 4088 extranei
518 4021 674 4087 monaehi
699 4040 774 4086 eum
792 4022 851 4086 ,eis
881 4025 1097 4088 remanerent
1120 4020 1163 4087 ad
1194 4021 1374 4108 reprehen-

338 4137 446 4204 denda
455 4137 545 4204 mala
559 4155 660 4224 opera
672 4136 778 4222 ipsius
794 4139 990 4217 conventus,
1004 4137 1032 4203 si
1048 4141 1250 4223 queessent,
1261 4145 1295 4205 et
1306 4137 1376 4206 lau·
