3160 5016
138 698 140 701 ’
231 694 308 762 aliis
330 687 552 782 plurimorum
573 696 768 760 sanctorum
788 691 959 778 reliquiis;
985 691 1085 758 item.
1099 689 1267 776 ‘quoddam

231 809 417 876 sacrarium
433 809 579 898 argenti,
597 807 788 875 admodum
814 807 989 886 crementi,
1009 805 1179 874 subtiliter
1196 805 1269 874 fac·

230 930 302 990 tum
334 929 369 994 et
398 927 701 1013 compositumin
722 946 786 1012 quo
811 925 969 992 consistit
1001 943 1070 990 una
1097 923 1138 990 de
1164 923 1267 991 costis

230 1041 320 1110 beati
335 1043 551 1122 Potenciani;
570 1043 662 1121 item,
677 1042 798 1110 stolam
810 1041 902 1108 beati
915 1040 1021 1118 Petri,
1039 1041 1267 1128 apostolorum

229 1160 404 1248 principis,
443 1158 585 1226 diversis
627 1159 794 1226 coloribus
829 1157 999 1225 subtiliter
1029 1157 1266 1245 compositam

230 1281 325 1358 item,
346 1284 477 1367 partem
500 1278 629 1345 sudarii
660 1278 809 1366 ejusdem
836 1277 1024 1346 beatissimi
1047 1275 1264 1355 Potenciani,

230 1397 271 1464 de
303 1395 410 1464 serico
438 1396 616 1482 compositi
647 1399 682 1463 et
715 1393 841 1461 ambris
868 1391 1047 1461 hincinde
1078 1394 1263 1472 seminati;

228 1513 312 1582 item
332 1511 511 1599 quamdam
531 1510 631 1578 aliam
652 1531 792 1600 parvam
811 1511 982 1599 capsulam
1011 1510 1158 1598 argenti,
1183 1510 1269 1578 duo-

230 1627 293 1695 bus
311 1627 442 1716 angelis
459 1627 632 1695 deauratis
654 1627 689 1692 in
712 1627 824 1694 fronte
844 1627 1008 1694 anteriori
1027 1626 1209 1714 figuratam
1234 1633 1268 1696 et
1345 1701 1351 1712 ,

231 1745 427 1812 decoratam
447 1744 483 1809 in
498 1757 565 1829 qua
589 1744 780 1812 consistunt
799 1742 839 1809 de
860 1742 1011 1829 reliquiis
1030 1744 1139 1810 sancti
1159 1743 1271 1810 Ebbc-

231 1863 296 1938 nis,
325 1860 569 1948 archiepiscopi
594 1858 809 1926 Senonensis.
836 1858 926 1934 Quas
952 1857 1084 1944 quidem
1108 1859 1269 1945 reliquias

232 1998 294 2044 nos
314 1976 417 2043 abbas
443 1981 479 2044 et
508 1981 692 2057 conventus
720 1974 899 2062 prelibati,
926 1975 1060 2042 extrahi
1090 1973 1271 2041 fecimusa

230 2095 392 2166 thesauro
409 2092 549 2159 ecclesie
563 2095 680 2158 nostre
696 2091 1012 2158 Sancti-Petri·Vivi
1033 2094 1067 2158 et
1083 2109 1140 2156 eas
1153 2089 1272 2158 decre-

230 2211 421 2288 vimus,'ut
447 2207 669 2296 permittitur,
694 2206 951 2274 transferendas
976 2213 1010 2276 et
1036 2208 1266 2296 publicandas.

231 2328 385 2404 Item,'et
411 2323 576 2413 quoddam
603 2343 762 2412 magnum
781 2324 956 2390 brachium
982 2346 1139 2414 cupreum
1165 2327 1271 2394 deau-

231 2447 357 2521 ratum,
383 2463 457 2508 cum
482 2459 583 2507 manu
611 2443 793 2529 argentea,
819 2441 855 2506 in
881 2462 945 2527 quo
969 2441 1154 2510 includitur
1187 2443 1268 2510 bra-

230 2561 342 2625 chium
361 2558 470 2625 sancti
496 2557 707 2637 Potenciani,
736 2577 865 2624 necnon
882 2563 916 2626 et
933 2557 1111 2645 quamdam
1133 2579 1268 2646 capsam

231 2695 401 2762 cupream,
422 2673 612 2762 vulgariter
625 2679 851 2762 nuncupatam
868 2677 912 2740 Lu
931 2677 1129 2754 destinatae,
1149 2676 1191 2742 ab
1206 2697 1269 2743 an·
1349 2716 1351 2720 v

230 2791 349 2857 teriori
370 2794 467 2877 parte
484 2789 661 2858 rotundam
684 2793 719 2857 et
735 2793 755 2856 a
769 2791 950 2878 posteriori
966 2792 1113 2878 planam,
1133 2795 1268 2882 ymagi-

230 2907 329 2972 nibus
345 2911 539 2975 sanctorum
561 2907 646 2992 Lupi
661 2911 695 2974 et
710 2907 899 2974 Katherine
919 2912 954 2976 et
966 2908 1042 2974 aliis
1054 2909 1269 2996 ymaginibus

237 3023 410 3090 deauratis
436 3021 641 3100 decoratam,
678 3023 714 3088 in
737 3044 803 3110 qua
826 3025 1017 3092 consistunt
1050 3024 1091 3090 de
1122 3025 1274 3111 reliquiis

237 3140 348 3206 sancti
367 3137 529 3226 Lupi,'de'
546 3140 655 3226 capite
673 3144 707 3207 et
722 3140 858 3206 sudario
878 3143 989 3208 sancti
1005 3142 1172 3230 Gregorii,
1193 3164 1274 3209 nec·
1337 3197 1339 3200 .

232 3276 298 3322 non
319 3255 360 3322 de
379 3255 530 3342 reliquiis
554 3256 663 3322 sancti
682 3255 855 3324 Sanctiani
876 3261 911 3324 et
932 3261 1048 3324 sancte
1065 3260 1181 3337 Beate,
1198 3259 1270 3346 ejus

147 3399 148 3404 ¹
231 3373 372 3440 sororis.
391 3373 481 3449 Quas
500 3373 661 3458 reliquias
678 3377 712 3440 et
733 3375 928 3440 sanctuaria
944 3395 964 3440 a
982 3375 1144 3442 thesauro
1162 3377 1270 3442 eccle-

230 3491 279 3556 sie
311 3495 346 3556 et
375 3489 546 3576 prioratus
578 3488 1024 3576 sancti-Lupi-de-Naudo,
1062 3511 1135 3570 nos,
1173 3494 1268 3579 prior

230 3605 377 3694 ejusdem
403 3607 622 3693 proscriptus,
644 3605 746 3673 etiam
773 3607 909 3674 extrahi
931 3607 1083 3691 fecimus,
1114 3612 1148 3675 et
1171 3608 1211 3674 do
1232 3611 1270 3676 li·

229 3721 343 3796 cencia
368 3725 402 3788 et
420 3741 584 3788 consensu
608 3721 689 3790 dicti
721 3723 829 3790 nostri
856 3709 996 3791 'abbatis
1022 3729 1057 3790 et
1084 3729 1270 3792 conventus

229 3835 791 3916 Sancti-Petri-Vivi-Senonensis,
825 3859 885 3926 per
915 3839 1061 3927 patriam
1086 3839 1268 3907 honorifice

227 3950 482 4018 transferendas
498 3957 532 4018 et
553 3953 784 4038 publicandas
808 3975 882 4020 cum
903 3955 979 4021 aliis
1009 3957 1213 4022 sanctuariis
1234 3960 1269 4022 et

229 4068 381 4154 reliquiis
398 4089 499 4156 supra
516 4069 711 4146 declaratis,
730 4069 950 4138 decrevimus

271 4185 343 4252 Nos
357 4203 449 4264 vere,
474 4185 577 4252 abbas
597 4191 632 4254 et
652 4190 837 4254 conventus
849 4187 1020 4276 prelibati,
1037 4188 1146 4256 dictas
1165 4189 1267 4256 insti·
