3180 5012
654 485 841 550 „17-

232 630 389 718 apparuit
412 634 446 696 et
473 629 683 695 Salvatorem
709 632 827 696 natum
854 626 1084 693 annunciavit.
1113 623 1275 691 Pastores

232 764 313 831 ergo
325 746 498 811 venientes
515 748 623 810 totum
639 745 727 810 sicut
743 721 885 829 angelus
900 742 1034 807 dixerat
1057 741 1271 806 invenerunt.

227 861 327 938 item,
351 881 410 946 per
432 860 651 946 Octovianum
672 862 740 945 qui,
760 861 842 926 visis
862 859 968 945 signis
987 856 1185 926 nativitatis
1209 859 1278 921 Do-

228 975 311 1040 mini
337 979 372 1041 et
398 974 514 1040 audita
540 973 678 1049 sibilia,
706 994 769 1040 nec
792 975 880 1040 Deus
904 994 966 1039 nec
990 974 1149 1039 Dominus
1169 973 1277 1039 voluit

229 1091 408 1158 nominari.
434 1089 535 1170 Item,
564 1089 733 1156 Sodomite
756 1091 792 1154 in
817 1089 932 1155 eadem
959 1092 1057 1157 nocte
1086 1089 1259 1155 nativitati

233 1205 366 1273 Domini
379 1225 494 1272 omnes
509 1206 652 1271 extincti
672 1210 763 1271 sunt.

272 1322 397 1402 Quinto
420 1326 462 1400 etx
477 1322 608 1398 ultimo,
630 1320 798 1387 nativitas
826 1321 958 1386 Domini
977 1325 1114 1387 ostensa
1134 1319 1200 1386 fuit
1221 1339 1279 1408 per

158 1430 159 1434 ’
234 1443 407 1505 creaturas
422 1458 485 1523 que
499 1437 626 1505 habent
641 1456 727 1513 esse,
742 1437 869 1513 vivere,
885 1435 1077 1501 discernere
1099 1440 1134 1502 et
1147 1434 1277 1501 intelli-

237 1573 327 1647 gere,
345 1557 383 1619 ut
404 1553 528 1639 angeli.
545 1553 658 1639 Ipsam
675 1571 757 1618 vero
780 1550 912 1618 Christi
933 1552 1147 1619 nativitatem
1167 1549 1278 1636 angeli
1306 1638 1310 1646 Ι
1355 1529 1359 1538 ’

183 1723 185 1727 ,
236 1668 428 1753 pastoribus
444 1669 749 1735 annunciaverunt.
768 1669 878 1754 Igitur
892 1688 975 1755 puer
999 1671 1167 1734 natusest
1183 1666 1328 1733 nobis10

234 1805 277 1849 ex
291 1784 414 1861 Maria,
427 1787 505 1850 ante
518 1788 665 1868 partum,
680 1784 714 1849 in
732 1786 832 1869 partu
849 1787 883 1849 et
897 1788 973 1869 post
987 1787 1121 1868 partum
1132 1782 1276 1868 virgine.

238 1899 366 1966 Octava
395 1898 448 1963 die
472 1900 689 1976 circoncisuS‚
718 1898 978 1965 terciodecimo
1006 1898 1059 1964 die
1087 1898 1279 1965 nativitatis

238 2034 296 2079 sue
309 2033 329 2079 a
343 2014 453 2099 Magis
468 2013 641 2091 adoratus,
667 2015 735 2099 qui,
756 2014 855 2080 stella
879 2013 975 2091 duce,
1000 2033 1100 2100 quam
1120 2011 1281 2078 viderunt

169 2192 170 2196 ,
236 2131 272 2194 in
291 2128 426 2195 Oriente
444 2128 486 2194 ad
510 2149 584 2194 eum
609 2133 775 2197 venerunt
792 2132 826 2195 et
852 2129 883 2194 ei
905 2148 1046 2193 munera
1062 2127 1277 2194 obtulerunt:

234 2244 377 2330 Gaspar,
408 2263 545 2323 aurum;
577 2245 748 2322 Baltasar,
776 2245 875 2323 thus;
908 2244 1091 2321 Melchi0n‚
1122 2244 1274 2308 mirram.

234 2359 498 2445 Quadragesimo
513 2358 566 2424 die
582 2367 659 2444 post
672 2359 888 2426 nativitatem
906 2360 942 2425 in
958 2359 1082 2446 templo
1098 2364 1279 2444 presenta-

185 2480 188 2485 “
239 2480 295 2540 tus
316 2478 412 2542 estet
429 2495 450 2540 a
469 2475 633 2560 Symeone
647 2481 813 2562 receptus.

278 2589 407 2657 Eadem
419 2611 500 2657 vero
513 2590 565 2656 die
579 2612 645 2676 qua
660 2593 845 2685 Magi-eum
859 2591 1099 2669 adoraverunt,
1118 2591 1281 2659 revolutis

236 2707 359 2793 viginti
373 2726 492 2772 novem
509 2707 607 2772 annis
633 2711 666 2772 et
689 2706 851 2773 tredecim
862 2705 997 2784 'diebus
1025 2711 1064 2772 ut
1090 2707 1139 2773 ait
1154 2707 1278 2783 Lucas,
1338 2714 1340 2718 '

237 2827 312 2890 erat
326 2823 489 2908 incipiens
506 2823 602 2907 quasi
618 2841 783 2888 annorum
804 2822 961 2910 triginta,
985 2827 1066 2888 tunc
1087 2842 1107 2887 a
1127 2815 1330 2887 Johanneru

237 2937 429 3023 baptizatus
451 2937 516 3004 fuit
545 2939 581 3002 in
605 2937 764 3004 Jordane.
795 2938 1000 3024 Quicumque
1028 2942 1137 3004 totam
1159 2938 1280 3003 seriem

227 3054 465 3137 ,sacratissime
489 3074 547 3119 sue
571 3053 842 3120 conversationis
862 3054 949 3119 scire
972 3053 1129 3131 voluerit,
1157 3073 1281 3118 euvan-

162 3229 168 3244 ,
238 3170 436 3256 gelistarum
460 3169 630 3235 volumina
658 3169 817 3254 respiciat
837 3173 871 3235 et
887 3169 1091 3255 Scripturas.
1120 3169 1278 3234 Matheus

238 3304 379 3370 namque
395 3304 415 3348 a
429 3285 611 3352 nativitate
625 3284 792 3350 (lominica
816 3282 991 3351 exordium
1017 3305 1152 3350 sumens
1171 3304 1277 3369 usque

238 3399 280 3464 ad
305 3404 438 3484 tempus
459 3397 624 3466 dominice
654 3400 915 3467 resurrectionis
937 3401 1058 3466 seriem
1081 3421 1139 3466 sue
1161 3407 1279 3466 narra·

236 3515 340 3581 tionis
355 3513 524 3601 perduxit.
544 3515 705 3603 Marchus
722 3514 763 3581 ab
777 3516 879 3582 inicio
895 3516 1111 3602 euvangelice
1127 3515 1281 3602 predica-

238 3631 342 3697 tionis
369 3632 533 3718 incipiens
557 3631 711 3717 pervenit
729 3652 834 3716 usque
859 3631 900 3697 ad
923 3611 1054 3718 tempus
1074 3609 1282 3699 ascensionis

239 3749 370 3814 Domini
386 3753 421 3815 et
444 3747 684 3835 predicationis
700 3748 939 3835 discipulorum
962 3747 1034 3847 ejus
1060 3748 1190 3814 cunctis
1206 3767 1284 3833 gen·

238 3867 329 3933 tibus
355 3888 415 3955 per
438 3867 564 3934 orbem.
590 3868 698 3935 Lucas
726 3887 747 3936 a
778 3867 960 3934 nativitate
994 3866 1203 3953 precursoris
1230 3867 1285 3930 in-

239 3981 365 4047 choans
385 3983 620 4068 euvangelium
641 3983 836 4050 terminavit
850 3983 884 4047 in
904 3984 1103 4049 ascensione
1118 3981 1284 4048 dominica
1295 3984 1332 4049 30

238 4116 313 4162 cum
330 4097 511 4165 redeuutes
531 4097 685 4184 discipuli
704 4098 940 4166 ierosolimam
965 4097 1146 4166 adventum
1169 4097 1283 4166 Sancti
