3160 5016
749 509 876 578 -266
900 549 943 560 -

320 656 487 724 tunionem
517 677 575 726 seu
604 656 855 725 ordinacionem
870 658 977 724 eciam
998 657 1163 746 publicari
1187 656 1359 726 ordinari·

319 792 394 839 mus
411 779 445 842 et
457 775 679 855 decrevimus,
697 775 794 842 modo
815 779 852 844 et
866 773 976 841 forma
996 775 1164 843 contentis
1178 775 1213 841 in
1228 775 1358 854 eadem,

321 909 386 976 qua
414 894 553 958 cavetur
575 890 662 976 quod
691 911 807 956 omnes
837 895 872 958 et
896 889 1035 978 singuli,
1067 889 1215 977 cujusvis
1245 911 1357 968 sexus,

321 1006 526 1074 condicionis
548 1011 582 1074 et
600 1007 729 1074 ordinis
749 1008 913 1086 existant,
935 1011 1027 1086 vota,
1055 1007 1235 1094 promissa,
1257 1006 1356 1087 dona,

320 1121 446 1210 legata,
472 1121 673 1188 elemosinas
702 1127 737 1190 et
755 1121 843 1189 bona
864 1143 1068 1210 quecumque
1085 1123 1192 1190 eidem
1221 1124 1359 1195 cenobio

321 1244 438 1308 nostro
452 1244 491 1318 et
504 1241 669 1328 prioratui
678 1239 751 1328 jam
764 1239 854 1308 dioto
866 1239 1301 1328 Sancti-Lupi-de-Naudo,
1318 1241 1360 1307 ad

321 1375 403 1442 opus
426 1354 555 1422 cenobii
577 1357 687 1424 nostri
705 1361 740 1425 et
766 1356 938 1445 prioratus
952 1355 1223 1446 Sancti-Lupi·de
1239 1356 1359 1426 Naudo

319 1471 451 1550 dautes,
464 1471 660 1560 largientes,
680 1477 860 1562 erogantes
881 1477 916 1540 et
935 1473 1104 1542 solventes
1129 1473 1172 1540 ad
1198 1475 1360 1541 honorem

321 1591 514 1654 sanctorum
545 1589 724 1657 martirum
752 1589 945 1676 hujusmodi
977 1609 1018 1656 ac
1048 1590 1191 1656 aliorum
1221 1592 1256 1656 in
1286 1593 1361 1678 ipsa

320 1703 450 1770 cenobii
481 1707 591 1796 nostri
619 1705 761 1775 ecclesia
786 1707 1104 1793 conquiescentium,
1136 1728 1198 1794 pro
1226 1729 1361 1796 repara·

319 1820 412 1889 tione
427 1826 462 1890 et
474 1823 721 1890 sustentatione
745 1823 894 1911 ejusdem
917 1823 1056 1894 ecclesie
1083 1829 1198 1892 nostre
1214 1830 1249 1894 et
1267 1827 1360 1912 prio-

319 1943 416 2006 ratus
441 1941 514 2027 jam
555 1937 637 2006 dicti
673 1939 902 2027 quodcumque
938 1939 1122 2006 subsidium
1165 1941 1359 2029 impendent

319 2055 541 2142 ministroque
562 2055 722 2143 ejusdem,
747 2076 862 2142 equos,
883 2060 917 2123 et
945 2055 1032 2124 bona
1055 2057 1108 2143 pie
1136 2058 1358 2145 suscipientes

319 2170 474 2250 allentes,
506 2171 658 2239 foventes
689 2177 723 2241 et
748 2171 989 2250 custodientes,
1021 2174 1297 2260 aggregabuntur
1323 2174 1358 2236 in

318 2289 485 2355 universis
503 2286 670 2374 precibus,
700 2288 921 2365 orationibus,
945 2289 1070 2368 missis,
1088 2289 1241 2376 jejuniis,
1268 2291 1358 2376 vigi·

318 2403 386 2482 liis,
406 2403 662 2483 anniuersariis,
684 2405 873 2471 hostiarum
901 2403 1143 2482 oblacionibus,
1165 2407 1355 2482 matutinis,

319 2521 425 2598 horis,
453 2518 661 2608 psalmodiis,
686 2519 898 2598 lectionibus,
930 2519 1209 2588 meditacionibus
1227 2525 1261 2588 et
1280 2521 1356 2588 aliis

318 2637 383 2725 piis
402 2636 557 2725 operibus
577 2640 611 2704 et
639 2633 812 2723 suffragiis
838 2637 979 2703 Domino
1002 2636 1225 2724 placentibus,
1243 2659 1305 2724 que
1322 2638 1356 2702 in

318 2755 418 2822 dictis
435 2754 625 2821 ecclesiast
641 2755 846 2820 monasterio
862 2755 990 2820 uostris
1006 2773 1045 2820 ac
1061 2755 1215 2842 prioratu
1230 2755 1359 2822 Sancti·

318 2871 595 2960 Lepide-Nande
617 2871 777 2938 acaciam
797 2871 832 2936 in
846 2871 999 2938 omnibus
1014 2872 1175 2954 ecclesiis
1199 2873 1356 2939 membris

317 2995 352 3056 et
371 2988 577 3075 prioratibus
593 2989 720 3057 nostris
742 2988 880 3055 nobisve
898 2989 1041 3056 subditis
1067 2989 1207 3056 ubilibet
1227 2989 1356 3056 consti-

317 3107 415 3182 tutis,
431 3109 465 3172 et
483 3105 518 3169 in
536 3104 690 3170 omnibus
706 3103 857 3171 ecclesiis
875 3113 909 3174 et
928 3107 1144 3173 monasteriis
1162 3110 1278 3173 nostre
1292 3105 1358 3170 fra·

318 3219 505 3296 tenuitatis,
522 3237 582 3306 pro
603 3218 689 3285 vivis
714 3222 748 3285 et
764 3219 917 3296 mortuis
942 3218 994 3284 die
1016 3223 1181 3304 noctuque
1198 3217 1295 3297 fiunt,
1323 3225 1357 3286 et

268 3367 270 3374 ·
319 3334 359 3401 de
380 3339 492 3402 cetero
523 3333 616 3416 fient,
648 3354 688 3400 ac
707 3333 930 3422 indulgenoiis
952 3335 1057 3421 ipsam
1084 3333 1258 3400 ecclesiam
1277 3354 1358 3400 nos·

318 3456 407 3519 tram
424 3455 458 3518 et
483 3450 658 3542 ecclesiam
682 3450 1106 3536 Sancti-Lupi-de-Naudo
1122 3451 1354 3528 visitantibus,

319 3569 487 3634 concessis
509 3572 543 3635 et
564 3567 798 3646 concedendis,
834 3569 901 3634 Deo
930 3567 1044 3644 dante,
1075 3568 1257 3654 participes
1282 3567 1357 3634 effi-

319 3685 463 3752 cientur.

363 3803 406 3868 Et
422 3805 460 3868 ut
480 3799 645 3888 premissa
659 3799 771 3865 omnia
783 3803 818 3866 et
838 3799 971 3887 singula
991 3798 1032 3865 de
1048 3799 1215 3866 mentibus
1229 3798 1355 3866 nostris

319 3939 477 3986 emanare
499 3921 533 3984 et
557 3916 757 3983 inveritate
778 3917 963 3983 consistere
985 3915 1161 4003 patefiant,
1181 3918 1355 4002 presentes

318 4035 452 4103 litteras
470 4055 528 4100 seu
549 4033 716 4120 publicum
736 4033 1010 4110 instrumentum,
1039 4033 1074 4097 in
1094 4031 1268 4119 presencia
1288 4036 1354 4099 tes·

319 4153 402 4222 tium
418 4150 509 4220 infra
526 4151 738 4241 scriptorum,
755 4170 815 4237 per
828 4149 997 4220 notarium
1010 4149 1177 4240 publicum
1193 4147 1357 4238 subscrip·
