<?xml version="1.0" encoding="UTF-8"?>
<!DOCTYPE html PUBLIC "-//W3C//DTD XHTML 1.0 Transitional//EN"
    "http://www.w3.org/TR/xhtml1/DTD/xhtml1-transitional.dtd">
<html xmlns="http://www.w3.org/1999/xhtml" xml:lang="en" lang="en">
 <head>
  <title>
</title>
<meta http-equiv="Content-Type" content="text/html;charset=utf-8" />
  <meta name='ocr-system' content='tesseract 3.04.00' />
  <meta name='ocr-capabilities' content='ocr_page ocr_carea ocr_par ocr_line ocrx_word'/>
</head>
<body>
  <div class='ocr_page' id='page_1' title='image "./lelivredesreliq00prougoog_0317.png"; bbox 0 0 3160 5016; ppageno 0'>
   <div class='ocr_carea' id='block_1_1' title="bbox 721 543 919 612">
    <p class='ocr_par' dir='ltr' id='par_1_1' title="bbox 721 543 919 612">
     <span class='ocr_line' id='line_1_1' title="bbox 721 543 919 612; baseline 0.01 -2"><span class='ocrx_word' id='word_1_1' title='bbox 721 543 919 612; x_wconf 82' lang='lat'>-280-</span> 
     </span>
    </p>
   </div>
   <div class='ocr_carea' id='block_1_2' title="bbox 294 667 1334 1593">
    <p class='ocr_par' dir='ltr' id='par_1_2' title="bbox 294 667 1334 1593">
     <span class='ocr_line' id='line_1_2' title="bbox 294 667 1333 776; baseline -0.003 -18"><span class='ocrx_word' id='word_1_2' title='bbox 294 687 490 770; x_wconf 86' lang='lat' dir='ltr'>laudabilia,</span> <span class='ocrx_word' id='word_1_3' title='bbox 517 667 755 756; x_wconf 82' lang='lat' dir='ltr'>miraculorum</span> <span class='ocrx_word' id='word_1_4' title='bbox 780 690 934 776; x_wconf 86' lang='lat' dir='ltr'>gloriam,</span> <span class='ocrx_word' id='word_1_5' title='bbox 956 689 1107 776; x_wconf 86' lang='lat' dir='ltr'>gratiosa</span> <span class='ocrx_word' id='word_1_6' title='bbox 1125 685 1272 774; x_wconf 87' lang='lat' dir='ltr'>presidia</span> <span class='ocrx_word' id='word_1_7' title='bbox 1298 691 1333 756; x_wconf 89' lang='lat' dir='ltr'>et</span> 
     </span>
     <span class='ocr_line' id='line_1_3' title="bbox 294 805 1334 894; baseline -0.006 -20"><span class='ocrx_word' id='word_1_8' title='bbox 294 806 464 874; x_wconf 88' lang='lat' dir='ltr'>mirabilia</span> <span class='ocrx_word' id='word_1_9' title='bbox 492 807 681 874; x_wconf 79' lang='lat' dir='ltr'>luculenter</span> <span class='ocrx_word' id='word_1_10' title='bbox 702 805 934 894; x_wconf 84' lang='lat' dir='ltr'>exponendum</span> <span class='ocrx_word' id='word_1_11' title='bbox 954 805 1097 892; x_wconf 88' lang='lat' dir='ltr'>fideique</span> <span class='ocrx_word' id='word_1_12' title='bbox 1113 809 1228 872; x_wconf 89' lang='lat' dir='ltr'>nostre</span> <span class='ocrx_word' id='word_1_13' title='bbox 1248 825 1334 892; x_wconf 90' lang='lat' dir='ltr'>aug-</span> 
     </span>
     <span class='ocr_line' id='line_1_4' title="bbox 295 921 1331 1008; baseline -0.003 -20"><span class='ocrx_word' id='word_1_14' title='bbox 295 924 543 990; x_wconf 88' lang='lat' dir='ltr'>mentacionem</span> <span class='ocrx_word' id='word_1_15' title='bbox 555 926 589 989; x_wconf 93' lang='lat' dir='ltr'>et</span> <span class='ocrx_word' id='word_1_16' title='bbox 608 921 749 1008; x_wconf 79' lang='lat' dir='ltr'>gloriam</span> <span class='ocrx_word' id='word_1_17' title='bbox 766 923 826 988; x_wconf 93' lang='lat' dir='ltr'>Dei</span> <span class='ocrx_word' id='word_1_18' title='bbox 841 927 874 988; x_wconf 89' lang='lat' dir='ltr'>et</span> <span class='ocrx_word' id='word_1_19' title='bbox 896 921 1122 1008; x_wconf 84' lang='lat' dir='ltr'>predictorum</span> <span class='ocrx_word' id='word_1_20' title='bbox 1139 925 1331 989; x_wconf 90' lang='lat' dir='ltr'>sanctorum</span> 
     </span>
     <span class='ocr_line' id='line_1_5' title="bbox 296 1037 1332 1124; baseline -0.001 -20"><span class='ocrx_word' id='word_1_21' title='bbox 296 1039 458 1106; x_wconf 92' lang='lat' dir='ltr'>honorem</span> <span class='ocrx_word' id='word_1_22' title='bbox 474 1042 508 1105; x_wconf 87' lang='lat' dir='ltr'>et</span> <span class='ocrx_word' id='word_1_23' title='bbox 528 1037 672 1121; x_wconf 88' lang='lat' dir='ltr'>laudem,</span> <span class='ocrx_word' id='word_1_24' title='bbox 691 1037 839 1104; x_wconf 87' lang='lat' dir='ltr'>fidelium</span> <span class='ocrx_word' id='word_1_25' title='bbox 863 1044 993 1105; x_wconf 90' lang='lat' dir='ltr'>mentes</span> <span class='ocrx_word' id='word_1_26' title='bbox 1026 1037 1216 1121; x_wconf 84' lang='lat' dir='ltr'>excitando,</span> <span class='ocrx_word' id='word_1_27' title='bbox 1239 1039 1332 1124; x_wconf 91' lang='lat' dir='ltr'>ipso-</span> 
     </span>
     <span class='ocr_line' id='line_1_6' title="bbox 296 1156 1329 1244; baseline 0.003 -24"><span class='ocrx_word' id='word_1_28' title='bbox 296 1175 435 1244; x_wconf 86' lang='lat' dir='ltr'>rumque</span> <span class='ocrx_word' id='word_1_29' title='bbox 449 1156 661 1236; x_wconf 87' lang='lat' dir='ltr'>elemosinas,</span> <span class='ocrx_word' id='word_1_30' title='bbox 678 1162 770 1236; x_wconf 82' lang='lat' dir='ltr'>vota,</span> <span class='ocrx_word' id='word_1_31' title='bbox 781 1157 905 1244; x_wconf 89' lang='lat' dir='ltr'>legata,</span> <span class='ocrx_word' id='word_1_32' title='bbox 915 1158 1015 1236; x_wconf 92' lang='lat' dir='ltr'>dona,</span> <span class='ocrx_word' id='word_1_33' title='bbox 1030 1157 1329 1225; x_wconf 80' lang='lat' dir='ltr'>confraternitates</span> 
     </span>
     <span class='ocr_line' id='line_1_7' title="bbox 297 1271 1333 1362; baseline -0.002 -22"><span class='ocrx_word' id='word_1_34' title='bbox 297 1272 407 1340; x_wconf 82' lang='lat' dir='ltr'>atalia</span> <span class='ocrx_word' id='word_1_35' title='bbox 419 1273 573 1338; x_wconf 87' lang='lat' dir='ltr'>caritatis</span> <span class='ocrx_word' id='word_1_36' title='bbox 583 1271 732 1338; x_wconf 90' lang='lat' dir='ltr'>subsidia</span> <span class='ocrx_word' id='word_1_37' title='bbox 743 1292 804 1360; x_wconf 93' lang='lat' dir='ltr'>pro</span> <span class='ocrx_word' id='word_1_38' title='bbox 815 1273 1089 1341; x_wconf 89' lang='lat' dir='ltr'>substantacione</span> <span class='ocrx_word' id='word_1_39' title='bbox 1099 1278 1134 1340; x_wconf 86' lang='lat' dir='ltr'>et</span> <span class='ocrx_word' id='word_1_40' title='bbox 1146 1275 1333 1362; x_wconf 60' lang='lat' dir='ltr'>reparacioe</span> 
     </span>
     <span class='ocr_line' id='line_1_8' title="bbox 295 1389 1334 1478; baseline 0.002 -23"><span class='ocrx_word' id='word_1_41' title='bbox 295 1410 338 1455; x_wconf 90' lang='lat' dir='ltr'>ne</span> <span class='ocrx_word' id='word_1_42' title='bbox 349 1389 514 1457; x_wconf 90' lang='lat' dir='ltr'>dictorum</span> <span class='ocrx_word' id='word_1_43' title='bbox 532 1393 725 1456; x_wconf 91' lang='lat' dir='ltr'>nostrorum</span> <span class='ocrx_word' id='word_1_44' title='bbox 736 1391 1019 1457; x_wconf 86' lang='lat' dir='ltr'>monasteriorum</span> <span class='ocrx_word' id='word_1_45' title='bbox 1033 1390 1334 1478; x_wconf 72' lang='lat' dir='ltr'>petiturosrccep·</span> 
     </span>
     <span class='ocr_line' id='line_1_9' title="bbox 295 1505 1334 1593; baseline 0.001 -20"><span class='ocrx_word' id='word_1_46' title='bbox 295 1511 404 1586; x_wconf 93' lang='lat' dir='ltr'>turos,</span> <span class='ocrx_word' id='word_1_47' title='bbox 423 1506 633 1593; x_wconf 90' lang='lat' dir='ltr'>quietaturos</span> <span class='ocrx_word' id='word_1_48' title='bbox 651 1510 685 1573; x_wconf 89' lang='lat' dir='ltr'>ct</span> <span class='ocrx_word' id='word_1_49' title='bbox 703 1507 769 1573; x_wconf 88' lang='lat' dir='ltr'>alia</span> <span class='ocrx_word' id='word_1_50' title='bbox 785 1505 875 1573; x_wconf 88' lang='lat' dir='ltr'>circa</span> <span class='ocrx_word' id='word_1_51' title='bbox 896 1507 958 1572; x_wconf 91' lang='lat' dir='ltr'>hec</span> <span class='ocrx_word' id='word_1_52' title='bbox 973 1506 1207 1573; x_wconf 89' lang='lat' dir='ltr'>convenientia</span> <span class='ocrx_word' id='word_1_53' title='bbox 1223 1507 1334 1574; x_wconf 84' lang='lat' dir='ltr'>factu-</span> 
     </span>
    </p>
   </div>
   <div class='ocr_carea' id='block_1_3' title="bbox 283 1623 1441 1720">
    <p class='ocr_par' dir='ltr' id='par_1_3' title="bbox 283 1623 1441 1720">
     <span class='ocr_line' id='line_1_10' title="bbox 283 1623 1441 1720; baseline 0.003 -32"><span class='ocrx_word' id='word_1_54' title='bbox 283 1626 408 1702; x_wconf 90' lang='lat' dir='ltr'>·ros,et</span> <span class='ocrx_word' id='word_1_55' title='bbox 425 1623 537 1689; x_wconf 89' lang='lat' dir='ltr'>omnia</span> <span class='ocrx_word' id='word_1_56' title='bbox 557 1623 625 1688; x_wconf 90' lang='lat' dir='ltr'>alia</span> <span class='ocrx_word' id='word_1_57' title='bbox 643 1643 848 1710; x_wconf 86' lang='lat' dir='ltr'>quecumque</span> <span class='ocrx_word' id='word_1_58' title='bbox 866 1625 1003 1710; x_wconf 87' lang='lat' dir='ltr'>negotia</span> <span class='ocrx_word' id='word_1_59' title='bbox 1020 1624 1050 1688; x_wconf 89' lang='lat' dir='ltr'>ei</span> <span class='ocrx_word' id='word_1_60' title='bbox 1068 1627 1268 1712; x_wconf 91' lang='lat' dir='ltr'>opportuna,</span> <span class='ocrx_word' id='word_1_61' title='bbox 1287 1623 1332 1690; x_wconf 92' lang='lat' dir='ltr'>ad</span> <span class='ocrx_word' id='word_1_62' title='bbox 1440 1715 1441 1720; x_wconf 5' lang='grc' dir='ltr'>ἵ</span> 
     </span>
    </p>
   </div>
   <div class='ocr_carea' id='block_1_4' title="bbox 297 1740 1342 4285">
    <p class='ocr_par' dir='ltr' id='par_1_4' title="bbox 297 1740 1334 2294">
     <span class='ocr_line' id='line_1_11' title="bbox 297 1740 1333 1828; baseline 0.001 -22"><span class='ocrx_word' id='word_1_63' title='bbox 297 1745 449 1828; x_wconf 88' lang='lat' dir='ltr'>questam</span> <span class='ocrx_word' id='word_1_64' title='bbox 471 1741 664 1828; x_wconf 88' lang='lat' dir='ltr'>spectancia</span> <span class='ocrx_word' id='word_1_65' title='bbox 677 1745 711 1808; x_wconf 88' lang='lat' dir='ltr'>et</span> <span class='ocrx_word' id='word_1_66' title='bbox 734 1742 954 1826; x_wconf 83' lang='lat' dir='ltr'>pertinencia,</span> <span class='ocrx_word' id='word_1_67' title='bbox 973 1740 1126 1806; x_wconf 83' lang='lat' dir='ltr'>facienda</span> <span class='ocrx_word' id='word_1_68' title='bbox 1153 1745 1187 1808; x_wconf 87' lang='lat' dir='ltr'>et</span> <span class='ocrx_word' id='word_1_69' title='bbox 1209 1760 1333 1808; x_wconf 85' lang='lat' dir='ltr'>execu-</span> 
     </span>
     <span class='ocr_line' id='line_1_12' title="bbox 297 1857 1334 1944; baseline 0 -20"><span class='ocrx_word' id='word_1_70' title='bbox 297 1857 428 1936; x_wconf 89' lang='lat' dir='ltr'>cienda‚</span> <span class='ocrx_word' id='word_1_71' title='bbox 443 1877 573 1923; x_wconf 89' lang='lat' dir='ltr'>necnon</span> <span class='ocrx_word' id='word_1_72' title='bbox 587 1876 811 1944; x_wconf 92' lang='lat' dir='ltr'>quascumque</span> <span class='ocrx_word' id='word_1_73' title='bbox 826 1858 961 1925; x_wconf 85' lang='lat' dir='ltr'>litteras</span> <span class='ocrx_word' id='word_1_74' title='bbox 974 1859 1216 1925; x_wconf 83' lang='lat' dir='ltr'>annexatorias</span> <span class='ocrx_word' id='word_1_75' title='bbox 1230 1863 1264 1924; x_wconf 91' lang='lat' dir='ltr'>et</span> <span class='ocrx_word' id='word_1_76' title='bbox 1279 1879 1334 1944; x_wconf 89' lang='lat' dir='ltr'>ap·</span> 
     </span>
     <span class='ocr_line' id='line_1_13' title="bbox 297 1972 1333 2062; baseline -0.001 -22"><span class='ocrx_word' id='word_1_77' title='bbox 297 1973 510 2062; x_wconf 86' lang='lat' dir='ltr'>probatorias</span> <span class='ocrx_word' id='word_1_78' title='bbox 531 1978 589 2039; x_wconf 83' lang='lat' dir='ltr'>aut</span> <span class='ocrx_word' id='word_1_79' title='bbox 602 1972 687 2038; x_wconf 88' lang='lat' dir='ltr'>alias</span> <span class='ocrx_word' id='word_1_80' title='bbox 703 1994 724 2040; x_wconf 91' lang='lat' dir='ltr'>a</span> <span class='ocrx_word' id='word_1_81' title='bbox 745 1973 1006 2061; x_wconf 91' lang='lat' dir='ltr'>quibuscumque</span> <span class='ocrx_word' id='word_1_82' title='bbox 1021 1975 1162 2061; x_wconf 84' lang='lat' dir='ltr'>prelatis</span> <span class='ocrx_word' id='word_1_83' title='bbox 1181 1978 1215 2041; x_wconf 87' lang='lat' dir='ltr'>et</span> <span class='ocrx_word' id='word_1_84' title='bbox 1229 1974 1333 2042; x_wconf 91' lang='lat' dir='ltr'>domi·</span> 
     </span>
     <span class='ocr_line' id='line_1_14' title="bbox 297 2089 1331 2179; baseline -0.001 -22"><span class='ocrx_word' id='word_1_85' title='bbox 297 2091 350 2157; x_wconf 91' lang='lat' dir='ltr'>nis</span> <span class='ocrx_word' id='word_1_86' title='bbox 364 2111 425 2179; x_wconf 89' lang='lat' dir='ltr'>pro</span> <span class='ocrx_word' id='word_1_87' title='bbox 444 2089 635 2156; x_wconf 89' lang='lat' dir='ltr'>carumdem</span> <span class='ocrx_word' id='word_1_88' title='bbox 648 2091 843 2178; x_wconf 82' lang='lat' dir='ltr'>portacione</span> <span class='ocrx_word' id='word_1_89' title='bbox 856 2095 891 2158; x_wconf 87' lang='lat' dir='ltr'>et</span> <span class='ocrx_word' id='word_1_90' title='bbox 903 2090 1148 2177; x_wconf 89' lang='lat' dir='ltr'>approbacione</span> <span class='ocrx_word' id='word_1_91' title='bbox 1163 2095 1331 2178; x_wconf 75' lang='lat' dir='ltr'>peterten,</span> 
     </span>
     <span class='ocr_line' id='line_1_15' title="bbox 297 2207 1026 2294; baseline 0 -20"><span class='ocrx_word' id='word_1_92' title='bbox 297 2208 532 2294; x_wconf 87' lang='lat' dir='ltr'>impetrantes,</span> <span class='ocrx_word' id='word_1_93' title='bbox 548 2207 759 2293; x_wconf 85' lang='lat' dir='ltr'>requirentes</span> <span class='ocrx_word' id='word_1_94' title='bbox 775 2211 809 2274; x_wconf 88' lang='lat' dir='ltr'>et</span> <span class='ocrx_word' id='word_1_95' title='bbox 824 2207 1026 2274; x_wconf 87' lang='lat' dir='ltr'>obtinentes.</span> 
     </span>
    </p>

    <p class='ocr_par' dir='ltr' id='par_1_5' title="bbox 297 2309 1342 4285">
     <span class='ocr_line' id='line_1_16' title="bbox 341 2323 1335 2412; baseline 0.004 -22"><span class='ocrx_word' id='word_1_96' title='bbox 341 2325 386 2393; x_wconf 82' lang='lat' dir='ltr'>nt</span> <span class='ocrx_word' id='word_1_97' title='bbox 418 2325 447 2392; x_wconf 90' lang='lat' dir='ltr'>si</span> <span class='ocrx_word' id='word_1_98' title='bbox 469 2344 605 2390; x_wconf 89' lang='lat' dir='ltr'>neccsse</span> <span class='ocrx_word' id='word_1_99' title='bbox 641 2325 744 2392; x_wconf 86' lang='lat' dir='ltr'>fuerit</span> <span class='ocrx_word' id='word_1_100' title='bbox 781 2345 841 2411; x_wconf 93' lang='lat' dir='ltr'>pro</span> <span class='ocrx_word' id='word_1_101' title='bbox 880 2327 1055 2412; x_wconf 89' lang='lat' dir='ltr'>premissis</span> <span class='ocrx_word' id='word_1_102' title='bbox 1105 2323 1258 2392; x_wconf 85' lang='lat' dir='ltr'>omnibus</span> <span class='ocrx_word' id='word_1_103' title='bbox 1301 2329 1335 2394; x_wconf 88' lang='lat' dir='ltr'>ct</span> 
     </span>
     <span class='ocr_line' id='line_1_17' title="bbox 299 2440 1335 2530; baseline 0.001 -24"><span class='ocrx_word' id='word_1_104' title='bbox 299 2440 441 2528; x_wconf 89' lang='lat' dir='ltr'>singulis</span> <span class='ocrx_word' id='word_1_105' title='bbox 473 2460 535 2506; x_wconf 92' lang='lat' dir='ltr'>nos</span> <span class='ocrx_word' id='word_1_106' title='bbox 557 2445 627 2508; x_wconf 88' lang='lat' dir='ltr'>tam</span> <span class='ocrx_word' id='word_1_107' title='bbox 649 2459 824 2508; x_wconf 88' lang='lat' dir='ltr'>commune</span> <span class='ocrx_word' id='word_1_108' title='bbox 857 2461 955 2528; x_wconf 89' lang='lat' dir='ltr'>quam</span> <span class='ocrx_word' id='word_1_109' title='bbox 984 2442 1126 2508; x_wconf 87' lang='lat' dir='ltr'>divisum</span> <span class='ocrx_word' id='word_1_110' title='bbox 1159 2443 1335 2530; x_wconf 88' lang='lat' dir='ltr'>tangenti-</span> 
     </span>
     <span class='ocr_line' id='line_1_18' title="bbox 297 2555 1335 2644; baseline 0.001 -22"><span class='ocrx_word' id='word_1_111' title='bbox 297 2555 371 2635; x_wconf 88' lang='lat' dir='ltr'>bus,</span> <span class='ocrx_word' id='word_1_112' title='bbox 389 2561 460 2623; x_wconf 87' lang='lat' dir='ltr'>tam</span> <span class='ocrx_word' id='word_1_113' title='bbox 475 2555 536 2642; x_wconf 92' lang='lat' dir='ltr'>pro</span> <span class='ocrx_word' id='word_1_114' title='bbox 552 2555 647 2623; x_wconf 89' lang='lat' dir='ltr'>nobis</span> <span class='ocrx_word' id='word_1_115' title='bbox 670 2576 768 2642; x_wconf 92' lang='lat' dir='ltr'>quam</span> <span class='ocrx_word' id='word_1_116' title='bbox 784 2561 904 2624; x_wconf 88' lang='lat' dir='ltr'>contra</span> <span class='ocrx_word' id='word_1_117' title='bbox 923 2576 996 2640; x_wconf 87' lang='lat' dir='ltr'>nos,</span> <span class='ocrx_word' id='word_1_118' title='bbox 1019 2562 1138 2625; x_wconf 87' lang='lat' dir='ltr'>contra</span> <span class='ocrx_word' id='word_1_119' title='bbox 1157 2578 1335 2644; x_wconf 89' lang='lat' dir='ltr'>quascum-</span> 
     </span>
     <span class='ocr_line' id='line_1_19' title="bbox 298 2676 1336 2764; baseline 0.002 -22"><span class='ocrx_word' id='word_1_120' title='bbox 298 2695 361 2763; x_wconf 91' lang='lat' dir='ltr'>que</span> <span class='ocrx_word' id='word_1_121' title='bbox 373 2695 534 2764; x_wconf 88' lang='lat' dir='ltr'>personas</span> <span class='ocrx_word' id='word_1_122' title='bbox 550 2676 798 2744; x_wconf 87' lang='lat' dir='ltr'>ccclcsiasticas</span> <span class='ocrx_word' id='word_1_123' title='bbox 817 2681 852 2744; x_wconf 88' lang='lat' dir='ltr'>et</span> <span class='ocrx_word' id='word_1_124' title='bbox 873 2677 1054 2757; x_wconf 89' lang='lat' dir='ltr'>seculares,</span> <span class='ocrx_word' id='word_1_125' title='bbox 1069 2698 1182 2744; x_wconf 91' lang='lat' dir='ltr'>coram</span> <span class='ocrx_word' id='word_1_126' title='bbox 1198 2678 1336 2764; x_wconf 88' lang='lat' dir='ltr'>quibus·</span> 
     </span>
     <span class='ocr_line' id='line_1_20' title="bbox 298 2790 1336 2880; baseline 0.002 -21"><span class='ocrx_word' id='word_1_127' title='bbox 298 2813 438 2880; x_wconf 89' lang='lat' dir='ltr'>cumque</span> <span class='ocrx_word' id='word_1_128' title='bbox 455 2793 531 2859; x_wconf 89' lang='lat' dir='ltr'>aliis</span> <span class='ocrx_word' id='word_1_129' title='bbox 539 2790 709 2879; x_wconf 89' lang='lat' dir='ltr'>judicibus</span> <span class='ocrx_word' id='word_1_130' title='bbox 723 2794 960 2860; x_wconf 87' lang='lat' dir='ltr'>ecclesiasticis</span> <span class='ocrx_word' id='word_1_131' title='bbox 975 2798 1009 2861; x_wconf 87' lang='lat' dir='ltr'>ct</span> <span class='ocrx_word' id='word_1_132' title='bbox 1029 2793 1247 2870; x_wconf 89' lang='lat' dir='ltr'>secularibus,</span> <span class='ocrx_word' id='word_1_133' title='bbox 1262 2815 1336 2861; x_wconf 90' lang='lat' dir='ltr'>auc·</span> 
     </span>
     <span class='ocr_line' id='line_1_21' title="bbox 297 2909 1335 2997; baseline -0.002 -19"><span class='ocrx_word' id='word_1_134' title='bbox 297 2911 438 2978; x_wconf 88' lang='lat' dir='ltr'>toritate</span> <span class='ocrx_word' id='word_1_135' title='bbox 469 2929 676 2996; x_wconf 90' lang='lat' dir='ltr'>quacumque</span> <span class='ocrx_word' id='word_1_136' title='bbox 714 2909 853 2993; x_wconf 88' lang='lat' dir='ltr'>luerint,</span> <span class='ocrx_word' id='word_1_137' title='bbox 892 2914 941 2996; x_wconf 85' lang='lat' dir='ltr'>et</span> <span class='ocrx_word' id='word_1_138' title='bbox 961 2931 1167 2997; x_wconf 87' lang='lat' dir='ltr'>quocumque</span> <span class='ocrx_word' id='word_1_139' title='bbox 1200 2912 1335 2976; x_wconf 89' lang='lat' dir='ltr'>nomine</span> 
     </span>
     <span class='ocr_line' id='line_1_22' title="bbox 298 3025 1337 3114; baseline 0.003 -22"><span class='ocrx_word' id='word_1_140' title='bbox 298 3031 511 3105; x_wconf 85' lang='lat' dir='ltr'>censeantur,</span> <span class='ocrx_word' id='word_1_141' title='bbox 528 3045 589 3114; x_wconf 93' lang='lat' dir='ltr'>pro</span> <span class='ocrx_word' id='word_1_142' title='bbox 612 3025 709 3092; x_wconf 92' lang='lat' dir='ltr'>nobis</span> <span class='ocrx_word' id='word_1_143' title='bbox 728 3027 763 3091; x_wconf 92' lang='lat' dir='ltr'>in</span> <span class='ocrx_word' id='word_1_144' title='bbox 782 3026 910 3114; x_wconf 88' lang='lat' dir='ltr'>judicio</span> <span class='ocrx_word' id='word_1_145' title='bbox 930 3031 964 3094; x_wconf 87' lang='lat' dir='ltr'>ct</span> <span class='ocrx_word' id='word_1_146' title='bbox 980 3031 1090 3108; x_wconf 86' lang='lat' dir='ltr'>extra,</span> <span class='ocrx_word' id='word_1_147' title='bbox 1112 3028 1179 3106; x_wconf 91' lang='lat' dir='ltr'>ubi,</span> <span class='ocrx_word' id='word_1_148' title='bbox 1205 3028 1337 3114; x_wconf 91' lang='lat' dir='ltr'>quando</span> 
     </span>
     <span class='ocr_line' id='line_1_23' title="bbox 298 3142 1338 3231; baseline 0.001 -22"><span class='ocrx_word' id='word_1_149' title='bbox 298 3147 333 3210; x_wconf 88' lang='lat' dir='ltr'>et</span> <span class='ocrx_word' id='word_1_150' title='bbox 353 3143 512 3230; x_wconf 87' lang='lat' dir='ltr'>quociens</span> <span class='ocrx_word' id='word_1_151' title='bbox 536 3163 618 3230; x_wconf 92' lang='lat' dir='ltr'>opus</span> <span class='ocrx_word' id='word_1_152' title='bbox 638 3143 753 3221; x_wconf 83' lang='lat' dir='ltr'>luerit,</span> <span class='ocrx_word' id='word_1_153' title='bbox 772 3142 986 3230; x_wconf 90' lang='lat' dir='ltr'>comparendi</span> <span class='ocrx_word' id='word_1_154' title='bbox 1011 3144 1196 3231; x_wconf 86' lang='lat' dir='ltr'>agendique</span> <span class='ocrx_word' id='word_1_155' title='bbox 1211 3148 1246 3210; x_wconf 88' lang='lat' dir='ltr'>ct</span> <span class='ocrx_word' id='word_1_156' title='bbox 1263 3142 1338 3210; x_wconf 86' lang='lat' dir='ltr'>dei-</span> 
     </span>
     <span class='ocr_line' id='line_1_24' title="bbox 299 3259 1340 3348; baseline 0.002 -23"><span class='ocrx_word' id='word_1_157' title='bbox 299 3259 468 3338; x_wconf 83' lang='lat' dir='ltr'>lcndendi,</span> <span class='ocrx_word' id='word_1_158' title='bbox 480 3260 676 3339; x_wconf 81' lang='lat' dir='ltr'>excusandi,</span> <span class='ocrx_word' id='word_1_159' title='bbox 689 3259 893 3326; x_wconf 89' lang='lat' dir='ltr'>domicilium</span> <span class='ocrx_word' id='word_1_160' title='bbox 906 3259 1063 3348; x_wconf 89' lang='lat' dir='ltr'>eligendi,</span> <span class='ocrx_word' id='word_1_161' title='bbox 1076 3260 1258 3340; x_wconf 89' lang='lat' dir='ltr'>alienandi,</span> <span class='ocrx_word' id='word_1_162' title='bbox 1267 3282 1340 3348; x_wconf 93' lang='lat' dir='ltr'>pre-</span> 
     </span>
     <span class='ocr_line' id='line_1_25' title="bbox 297 3377 1339 3465; baseline 0.001 -21"><span class='ocrx_word' id='word_1_163' title='bbox 297 3377 458 3444; x_wconf 87' lang='lat' dir='ltr'>tendendi</span> <span class='ocrx_word' id='word_1_164' title='bbox 466 3377 767 3460; x_wconf 87' lang='lat' dir='ltr'>etcontradicendi,</span> <span class='ocrx_word' id='word_1_165' title='bbox 782 3377 980 3465; x_wconf 85' lang='lat' dir='ltr'>excipiendi,</span> <span class='ocrx_word' id='word_1_166' title='bbox 992 3379 1210 3465; x_wconf 91' lang='lat' dir='ltr'>proponendi,</span> <span class='ocrx_word' id='word_1_167' title='bbox 1221 3399 1339 3447; x_wconf 86' lang='lat' dir='ltr'>conve·</span> 
     </span>
     <span class='ocr_line' id='line_1_26' title="bbox 299 3492 1340 3583; baseline 0.004 -27"><span class='ocrx_word' id='word_1_168' title='bbox 299 3492 423 3576; x_wconf 90' lang='lat' dir='ltr'>niendi,</span> <span class='ocrx_word' id='word_1_169' title='bbox 447 3493 645 3579; x_wconf 91' lang='lat' dir='ltr'>replicandi,</span> <span class='ocrx_word' id='word_1_170' title='bbox 663 3492 868 3580; x_wconf 89' lang='lat' dir='ltr'>duplicandi,</span> <span class='ocrx_word' id='word_1_171' title='bbox 886 3495 1079 3582; x_wconf 92' lang='lat' dir='ltr'>triplicandi</span> <span class='ocrx_word' id='word_1_172' title='bbox 1095 3492 1131 3562; x_wconf 89' lang='lat' dir='ltr'>et</span> <span class='ocrx_word' id='word_1_173' title='bbox 1143 3494 1340 3583; x_wconf 90' lang='lat' dir='ltr'>quadrupli-</span> 
     </span>
     <span class='ocr_line' id='line_1_27' title="bbox 299 3607 1340 3696; baseline 0.003 -21"><span class='ocrx_word' id='word_1_174' title='bbox 299 3608 411 3688; x_wconf 89' lang='lat' dir='ltr'>candi,</span> <span class='ocrx_word' id='word_1_175' title='bbox 433 3608 582 3696; x_wconf 89' lang='lat' dir='ltr'>libellum</span> <span class='ocrx_word' id='word_1_176' title='bbox 607 3630 665 3675; x_wconf 91' lang='lat' dir='ltr'>seu</span> <span class='ocrx_word' id='word_1_177' title='bbox 692 3609 823 3676; x_wconf 87' lang='lat' dir='ltr'>libellos</span> <span class='ocrx_word' id='word_1_178' title='bbox 841 3607 943 3676; x_wconf 91' lang='lat' dir='ltr'>dandi</span> <span class='ocrx_word' id='word_1_179' title='bbox 972 3615 1005 3677; x_wconf 89' lang='lat' dir='ltr'>et</span> <span class='ocrx_word' id='word_1_180' title='bbox 1022 3611 1224 3678; x_wconf 89' lang='lat' dir='ltr'>concedendi</span> <span class='ocrx_word' id='word_1_181' title='bbox 1244 3632 1283 3678; x_wconf 89' lang='lat' dir='ltr'>ac</span> <span class='ocrx_word' id='word_1_182' title='bbox 1305 3615 1340 3678; x_wconf 92' lang='lat' dir='ltr'>et</span> 
     </span>
     <span class='ocr_line' id='line_1_28' title="bbox 300 3724 1340 3815; baseline 0.001 -24"><span class='ocrx_word' id='word_1_183' title='bbox 300 3727 405 3792; x_wconf 87' lang='lat' dir='ltr'>eciam</span> <span class='ocrx_word' id='word_1_184' title='bbox 418 3724 613 3812; x_wconf 88' lang='lat' dir='ltr'>recipiendi,</span> <span class='ocrx_word' id='word_1_185' title='bbox 635 3726 730 3792; x_wconf 90' lang='lat' dir='ltr'>litem</span> <span class='ocrx_word' id='word_1_186' title='bbox 754 3747 813 3792; x_wconf 90' lang='lat' dir='ltr'>seu</span> <span class='ocrx_word' id='word_1_187' title='bbox 834 3726 912 3793; x_wconf 90' lang='lat' dir='ltr'>lites</span> <span class='ocrx_word' id='word_1_188' title='bbox 935 3727 1159 3806; x_wconf 91' lang='lat' dir='ltr'>contestandi,</span> <span class='ocrx_word' id='word_1_189' title='bbox 1181 3728 1340 3815; x_wconf 89' lang='lat' dir='ltr'>jurandi-</span> 
     </span>
     <span class='ocr_line' id='line_1_29' title="bbox 301 3841 1337 3930; baseline 0.003 -23"><span class='ocrx_word' id='word_1_190' title='bbox 301 3863 363 3929; x_wconf 92' lang='lat' dir='ltr'>que</span> <span class='ocrx_word' id='word_1_191' title='bbox 383 3842 417 3906; x_wconf 94' lang='lat' dir='ltr'>in</span> <span class='ocrx_word' id='word_1_192' title='bbox 436 3842 549 3908; x_wconf 89' lang='lat' dir='ltr'>anima</span> <span class='ocrx_word' id='word_1_193' title='bbox 564 3847 682 3908; x_wconf 89' lang='lat' dir='ltr'>nostra</span> <span class='ocrx_word' id='word_1_194' title='bbox 698 3841 738 3908; x_wconf 89' lang='lat' dir='ltr'>dc</span> <span class='ocrx_word' id='word_1_195' title='bbox 756 3843 958 3930; x_wconf 89' lang='lat' dir='ltr'>calumpnia,</span> <span class='ocrx_word' id='word_1_196' title='bbox 976 3844 1110 3910; x_wconf 89' lang='lat' dir='ltr'>malicia</span> <span class='ocrx_word' id='word_1_197' title='bbox 1129 3848 1164 3912; x_wconf 89' lang='lat' dir='ltr'>et</span> <span class='ocrx_word' id='word_1_198' title='bbox 1181 3845 1337 3923; x_wconf 81' lang='lat' dir='ltr'>veritate,</span> 
     </span>
     <span class='ocr_line' id='line_1_30' title="bbox 300 3958 1337 4046; baseline 0 -22"><span class='ocrx_word' id='word_1_199' title='bbox 300 3958 432 4024; x_wconf 91' lang='lat' dir='ltr'>dicendi</span> <span class='ocrx_word' id='word_1_200' title='bbox 447 3963 482 4025; x_wconf 89' lang='lat' dir='ltr'>et</span> <span class='ocrx_word' id='word_1_201' title='bbox 504 3958 679 4046; x_wconf 86' lang='lat' dir='ltr'>prestandi</span> <span class='ocrx_word' id='word_1_202' title='bbox 692 3958 871 4046; x_wconf 88' lang='lat' dir='ltr'>cujuslibet</span> <span class='ocrx_word' id='word_1_203' title='bbox 890 3960 1030 4026; x_wconf 89' lang='lat' dir='ltr'>alterius</span> <span class='ocrx_word' id='word_1_204' title='bbox 1046 3961 1179 4046; x_wconf 89' lang='lat' dir='ltr'>generis</span> <span class='ocrx_word' id='word_1_205' title='bbox 1194 3981 1337 4038; x_wconf 90' lang='lat' dir='ltr'>sacrum,</span> 
     </span>
     <span class='ocr_line' id='line_1_31' title="bbox 300 4075 1340 4165; baseline 0.003 -25"><span class='ocrx_word' id='word_1_206' title='bbox 300 4075 387 4162; x_wconf 88' lang='lat' dir='ltr'>quod</span> <span class='ocrx_word' id='word_1_207' title='bbox 410 4075 446 4140; x_wconf 92' lang='lat' dir='ltr'>in</span> <span class='ocrx_word' id='word_1_208' title='bbox 458 4075 569 4141; x_wconf 88' lang='lat' dir='ltr'>causis</span> <span class='ocrx_word' id='word_1_209' title='bbox 586 4075 773 4161; x_wconf 86' lang='lat' dir='ltr'>requiritur</span> <span class='ocrx_word' id='word_1_210' title='bbox 787 4079 821 4142; x_wconf 89' lang='lat' dir='ltr'>et</span> <span class='ocrx_word' id='word_1_211' title='bbox 841 4076 991 4162; x_wconf 89' lang='lat' dir='ltr'>postulat</span> <span class='ocrx_word' id='word_1_212' title='bbox 1005 4076 1099 4155; x_wconf 88' lang='lat' dir='ltr'>ordo,</span> <span class='ocrx_word' id='word_1_213' title='bbox 1117 4076 1340 4165; x_wconf 87' lang='lat' dir='ltr'>jurisjurandi</span> 
     </span>
     <span class='ocr_line' id='line_1_32' title="bbox 301 4191 1342 4285; baseline 0.001 -23"><span class='ocrx_word' id='word_1_214' title='bbox 301 4193 457 4266; x_wconf 87' lang='lat' dir='ltr'>veritatis</span> <span class='ocrx_word' id='word_1_215' title='bbox 473 4191 661 4262; x_wconf 84' lang='lat' dir='ltr'>decisorum</span> <span class='ocrx_word' id='word_1_216' title='bbox 673 4193 764 4285; x_wconf 90' lang='lat' dir='ltr'>parti</span> <span class='ocrx_word' id='word_1_217' title='bbox 776 4191 919 4262; x_wconf 88' lang='lat' dir='ltr'>adverse</span> <span class='ocrx_word' id='word_1_218' title='bbox 939 4192 1150 4265; x_wconf 80' lang='lat' dir='ltr'>deffendendi</span> <span class='ocrx_word' id='word_1_219' title='bbox 1170 4194 1266 4264; x_wconf 91' lang='lat' dir='ltr'>nobis</span> <span class='ocrx_word' id='word_1_220' title='bbox 1281 4192 1342 4264; x_wconf 90' lang='lat' dir='ltr'>de·</span> 
     </span>
    </p>
   </div>
   <div class='ocr_carea' id='block_1_5' title="bbox 0 0 1592 5016">
    <p class='ocr_par' dir='ltr' id='par_1_6' title="bbox 0 0 1592 5016">
     <span class='ocr_line' id='line_1_33' title="bbox 0 0 1592 5016; baseline 0 0"><span class='ocrx_word' id='word_1_221' title='bbox 0 0 1592 5016; x_wconf 95' lang='lat' dir='ltr'> </span> 
     </span>
    </p>
   </div>
  </div>
 </body>
</html>
