3180 5012
679 551 857 619 -23-

181 780 184 785 1
248 714 339 760 num.
362 694 417 762 illi
440 698 552 762 autem
588 695 761 782 spongiam
786 696 919 783 plenam
943 700 1058 765 acceto
1089 716 1194 783 ysopo
1219 683 1294 764 oir-¹

248 809 472 877 oumferentes
488 810 684 879 obtulerunt
701 813 751 877 ori
767 811 852 899 ejus.
878 813 958 878 Cum
976 815 1089 880 autem
1103 813 1288 900 accepisset

249 919 411 1004 cocetum,
425 926 533 994 dixit:
551 925 824 993 Consummatum
840 932 904 994 est.
920 929 974 1010 Et,
994 925 1285 1014 inclinatooapite‚

249 1044 360 1110 emisit
377 1043 545 1129 spiritum.
564 1042 610 1107 De
626 1041 686 1107 illa
698 1061 796 1107 saona
812 1045 952 1131 spongia
967 1043 1129 1110 habemus
1148 1044 1182 1110 in
1202 1063 1288 1129 qua·

250 1157 325 1222 dam
343 1157 482 1243 capsula
493 1176 573 1223 ¹erea
587 1162 622 1223 et
640 1158 840 1225 cristallina.

402 1407 445 1454 DE
469 1405 601 1454 huncne
624 1407 747 1455 DOMINI
772 1408 815 1456 ΕΤ
838 1407 965 1457 SANGTO
985 1408 1132 1457 LONGINO

294 1618 481 1686 Secundum
499 1620 688 1685 iohannem
710 1621 869 1689 scribitur
893 1642 900 1686 :
924 1620 969 1688 Ut
985 1620 1143 1689 viderunt
1164 1618 1288 1688 milites

153 1721 159 1730 ²
249 1727 386 1801 Jhesum
397 1735 469 1822 jam
490 1740 658 1803 mortuum
674 1738 791 1804 lancea
805 1738 896 1805 latus
916 1739 944 1825 ej
951 1759 988 1804 us
1001 1758 1088 1804 unus
1112 1759 1150 1804 ex
1168 1738 1289 1804 militi·

249 1849 310 1914 bus
330 1850 462 1937 aperuit
477 1855 511 1916 et
530 1852 688 1917 continuo
708 1853 813 1918 exivit
833 1853 971 1938 sanguis
988 1857 1023 1919 et
1044 1872 1141 1938 aqua.
1161 1852 1289 1939 Longis

250 1987 313 2031 nus
327 1965 456 2032 fuitille
468 1967 524 2051 qui
536 1967 669 2032 Domini
681 1966 770 2034 latus
781 1968 899 2035 lancea
911 1968 1110 2056 perforavit,
1123 1975 1157 2036 et
1167 1968 1288 2036 exinde
1301 1979 1337 2042 10

251 2081 429 2147 sanitatem
447 2082 617 2148 oculorum
636 2084 774 2170 recepit,
798 2089 832 2150 et
848 2088 929 2151 tuno
954 2086 989 2149 in
1015 2085 1186 2153 Christum
1214 2105 1289 2150 cre·
1396 2125 1399 2132 ,

250 2195 355 2276 didit;
386 2197 427 2262 ab
453 2197 624 2283 Apostolis
651 2199 838 2266 instructus
866 2201 900 2264 in
925 2200 1070 2267 Cesarea
1102 2199 1288 2288 Capadocie
1315 2237 1322 2246 -

235 2312 448 2407 predicavit,
470 2317 504 2379 et
518 2313 564 2377 ibi
582 2314 782 2400 martyrium
799 2317 1062 2382 consummavit.
1087 2317 1171 2383 Post
1197 2335 1289 2382 mor·
1332 2317 1348 2346 ⁹

210 2418 214 2424 ’
250 2411 318 2495 tem
332 2429 437 2514 ipsius
452 2446 564 2513 preses
588 2429 644 2514 qui
660 2449 735 2494 eum
759 2429 918 2496 decoliari
941 2430 1079 2510 fecerat,
1098 2432 1289 2518 penitencia

250 2550 360 2611 motus
379 2545 512 2611 veniam
536 2544 710 2630 postulans
729 2546 836 2612 visum
861 2567 958 2632 quem
979 2547 1141 2613 amiserat
1163 2548 1289 2633 recepit

250 2666 285 2728 et
296 2661 331 2725 in
346 2660 442 2726 bonis
459 2659 613 2746 operibus
629 2658 734 2727 vitam
748 2660 869 2728 finivit.
888 2663 934 2727 De
947 2663 1020 2749 ipsa
1039 2666 1157 2729 sancta
1172 2645 1289 2728 lancea

250 2775 506 2842 habemuscum
525 2794 622 2871 sacra
641 2776 768 2842 tunica.

436 3054 438 3059 ,
547 3081 549 3088 Ι
591 3026 634 3073 DE
654 3025 808 3074 SYNDONE
831 3027 953 3074 DOMINI

297 3217 493 3302 Secundum
505 3238 644 3321 Lucam,
671 3240 796 3326 Joseph
818 3239 859 3306 ab
885 3240 1076 3306 Arimathia
1102 3239 1247 3306 obtinuit
1271 3258 1291 3303 a

253 3352 375 3437 Pylato
390 3373 510 3439 corpus
525 3355 543 3418 J
546 3355 629 3419 hesu
644 3360 677 3421 et
692 3354 878 3442 depositum
903 3356 1045 3422 involvit
1069 3357 1103 3421 in
1125 3353 1289 3441 syndone.
1302 3349 1339 3410 20

255 3467 326 3533 Hoc
345 3468 432 3554 quod
454 3467 615 3534 habemus
639 3470 678 3535 de
695 3470 847 3556 syndone
873 3472 1002 3536 Domini
1027 3471 1112 3536 bone
1134 3470 1293 3537 memorie

255 3579 396 3648 domnus
410 3584 610 3666 canfridus„
624 3586 739 3664 abbas,
763 3588 797 3651 in
814 3606 919 3672 parva
935 3592 1098 3676 argentea
1113 3593 1147 3655 et
1162 3588 1294 3654 cristal-

254 3696 325 3763 lina
340 3698 456 3766 tabula
472 3699 552 3766 fecit
565 3703 656 3788 poni.

313 3949 355 3998 DE
379 3954 549 4002 SEPULCRO
573 3955 694 4002 DOMINI
719 3956 761 4002 ET
787 3954 1066 4003 RESURRECTIONE
1089 3953 1239 4001 EJUSDEM

302 4141 489 4236 Secundum
510 4169 697 4248 Matheum‚
714 4186 853 4256 vespere
871 4166 1002 4235 sabbati
1022 4188 1085 4253 que
1104 4133 1244 4235 lucescit
1262 4169 1297 4232 in
