3168 5012
654 579 852 646 -211-

278 724 334 790 23.
351 758 396 773 -
409 723 443 788 Χ
457 721 535 789 Kal.
556 756 601 773 ·-
619 720 783 790 Obierunt
797 721 1008 791 'theobaldus
1025 726 1060 792 et
1075 721 1270 791 Guibeletus

236 837 277 904 de
297 839 517 917 Monasterio,
537 858 598 926 pro
619 837 738 925 quibus
753 837 856 907 habet
872 845 1069 914 conventus,
1096 859 1196 926 super
1219 841 1274 906 vi-

238 972 337 1019 neam
361 954 396 1019 in
414 953 540 1040 plantis
560 953 652 1020 ultra
667 973 728 1019 rue
752 951 879 1036 d’Erse,
899 975 920 1020 v
937 975 964 1020 s.
982 974 1029 1041 p.‚
1049 954 1083 1020 ui
1098 953 1131 1021 d.
1148 955 1274 1022 elemo-

238 1069 324 1152 sina,
351 1069 439 1136 vid.
463 1069 664 1156 pulsatores,
700 1069 900 1154 Cratippum
926 1075 1023 1136 tabee
1042 1072 1196 1155 defuncta·
1210 1070 1273 1136 Ite-

237 1187 367 1269 prtaadt
384 1187 514 1270 ripaue
534 1195 566 1252 et
584 1189 682 1251 vinee
704 1190 862 1271 maptstri
877 1187 1057 1254 Michaelis.

269 1302 402 1362 Jaequetus
416 1302 507 1350 Barrau
524 1301 555 1349 iii
569 1314 590 1349 s.
606 1315 632 1362 p.

269 1393 402 1441 Nieholaus
416 1393 527 1448 Quartier
544 1392 573 1439 iii
588 1404 607 1439 s.
626 1405 651 1452 p.
681 1417 682 1420 =

272 1485 342 1530 Uxor
352 1484 467 1540 defuncti
477 1482 547 1530 Petri
563 1484 691 1531 avuncuti
707 1487 819 1535 tenea·
828 1485 958 1531 Iohannes
971 1486 1032 1542 Jpce
1045 1489 1111 1532 tenet
1125 1485 1153 1530 iti
1164 1497 1188 1534 s.
1197 1498 1225 1542 p.
1327 1550 1330 1558 .

281 1574 337 1640 24.
364 1607 408 1625 -
427 1570 519 1639 Obiit
534 1572 669 1660 Burgis‚
687 1591 748 1659 pro
764 1592 829 1658 qua
845 1571 948 1641 habet
963 1578 1164 1654 conventus,
1175 1593 1275 1662 super

238 1689 445 1777 quarterium
462 1689 559 1756 vinee
575 1689 610 1753 in
626 1687 781 1771 challiel,
803 1688 851 1754 vii
866 1687 899 1756 d.
913 1709 947 1775 p.
1033 1777 1036 1782 ¹

270 1803 373 1852 (Iuratus
385 1804 467 1852 Sancti
481 1804 620 1854 Saviniani.

283 1898 369 1964 Item
387 1915 448 1982 pro
463 1894 591 1975 eadem,
609 1915 708 1985 super
722 1894 856 1962 domum
879 1894 1028 1964 defuncti
1041 1896 1223 1966 Theobaldi
1235 1897 1276 1965 de

238 2012 447 2079 Monasteri0
462 2032 505 2079 an
518 2032 578 2078 rue
591 2010 721 2090 d'Erse‚
742 2013 791 2078 xii
806 2033 838 2100 p.

166 2170 168 2173 ,
269 2128 322 2176 Non
336 2131 540 2186 computatur.,-
555 2129 773 2187 Requiraturdou
789 2130 901 2176 mueniau.
948 2160 951 2165 -

281 2219 337 2285 25.
360 2256 404 2267 -
423 2218 507 2286 VIII
524 2219 603 2286 Kal.
622 2252 666 2269 -
690 2213 781 2287 Obiit
802 2219 1002 2298 LandrieuS,
1028 2219 1212 2286 monachus
1235 2218 1276 2286 de

239 2332 391 2414 Sauram,
409 2355 470 2423 pro
484 2354 549 2421 quo
560 2334 663 2404 habet
678 2341 877 2416 conventus,
894 2336 981 2423 apud
1001 2335 1157 2404 Naudum
1176 2357 1277 2424 super

239 2456 367 2519 terram
382 2473 445 2538 que
460 2451 584 2520 dicitur
598 2453 757 2540 Foysom,
772 2454 819 2521 vii
833 2474 861 2520 s.
878 2458 920 2533 t.,
935 2455 969 2522 vi
983 2453 1014 2520 d.
1034 2453 1229 2535 elemosina,
1242 2456 1277 2521 ri

202 2595 206 2607 ·
240 2567 272 2634 d.
297 2567 498 2655 pulsatores

271 2683 352 2730 Liberi
368 2683 487 2732 defuncti.
497 2681 591 2732 ‘Felisei
604 2683 703 2732 Devilli.

271 2775 392 2832 Maqtster
410 2777 465 2822 Gito
481 2775 620 2824 Cetemeile.

283 2863 339 2931 26.
357 2902 401 2914 -
415 2863 482 2931 VII
510 2864 587 2930 Kal.
618 2902 662 2914 -
682 2863 773 2932 Obiit
792 2863 994 2945 Ludovieus,
1016 2867 1101 2950 Rex,
1124 2885 1185 2954 pro
1212 2887 1276 2953 quo

241 2979 344 3049 habet
354 2986 550 3060 conventus,
564 2985 798 3069 superterram
813 2981 912 3048 sitam
925 3001 1008 3070 erga
1018 2982 1280 3051 Sanctum-Pro·

237 3095 365 3185 jectum
386 3117 449 3184 que
470 3096 536 3167 fuit
557 3099 576 3164 J
582 3150 589 3164 .
617 3098 846 3177 Sacheavene,
861 3099 921 3168 viii
945 3119 972 3166 s.
998 3103 1024 3167 t.
1052 3102 1105 3168 Au
1128 3103 1222 3188 chief
1238 3101 1278 3166 de

245 3213 416 3302 Cape-'pte

273 3333 399 3382 iohannes
415 3333 457 3381 des
472 3333 550 3391 LIees,
563 3335 704 3385 chartetier.

276 3423 384 3470 Henrtot
393 3425 436 3470 des
447 3424 526 3484 Liras,
540 3424 756 3486 tirassonensis,
770 3427 918 3477 aberretier.

286 3512 342 3579 27.
359 3548 403 3564 —-·
416 3511 464 3579 VI
486 3513 563 3580 Kal.
581 3547 625 3564 -
643 3512 735 3583 Obiit
755 3513 938 3581 Gaufridus
954 3514 979 3579 li
996 3512 1108 3593 Pelez,
1136 3532 1197 3601 pro
1214 3533 1279 3600 quo

240 3629 343 3697 habet
359 3634 555 3710 conventus,
572 3650 672 3717 super
694 3635 822 3698 terram
838 3634 873 3700 et
887 3632 1021 3697 viueam
1037 3649 1120 3715 quas
1136 3629 1281 3716 adquisi-

243 3747 293 3813 vit
309 3747 475 3834 prioratui
496 3747 818 3827 Sancti-Sanctum,
835 3768 857 3816 v
874 3769 901 3815 s.
919 3768 966 3835 p.‚
983 3747 1017 3814 vi
1032 3745 1065 3818 d.
1084 3745 1279 3825 elemosina,

242 3865 277 3930 ui
294 3862 328 3929 d.
345 3863 545 3950 pulsatores.

274 3978 392 4036 taquetus
404 3979 495 4026 Barrau
512 3978 542 4025 iii
558 3991 579 4026 s.
593 3992 619 4038 p.

276 4069 360 4116 Petrus
374 4067 530 4130 d'Allamant,
542 4069 572 4117 iii
585 4081 607 4116 s.
624 4082 649 4129 p.

275 4157 396 4204 Thiebaut
412 4161 443 4204 de
451 4159 576 4206 chaalons
587 4161 663 4216 clerc,
676 4161 704 4206 iii
714 4172 741 4217 p.

275 4247 410 4305 Philippus
422 4249 491 4305 filins
503 4249 572 4296 Petri
584 4249 616 4295 de
625 4248 768 4298 Alimenta.
