3180 5012
748 473 928 540 -18-

313 612 593 699 Spiritus'divinis
614 614 649 679 in
661 612 816 680 laudibus
836 617 1066 702 expectarent.
1081 613 1252 681 lohannes
1270 635 1350 682 vero

312 727 354 792 ab
368 730 550 795 eternitate
567 728 669 794 Verbi
684 729 743 793 Dei
758 748 818 814 per
837 729 923 813 quod
946 728 1036 796 iacta
1059 735 1137 796 sunt
1158 732 1270 796 omnia
1292 752 1350 797 su-

256 923 259 930 ,
311 865 418 923 mens,
439 850 473 911 et
487 837 558 932 ipse
574 845 734 929 usquead
758 849 889 931 tempus
902 845 1072 911 Dominice
1087 848 1349 914 resurrectionis

310 960 596 1047 euvangelizando
611 961 788 1047 pertingit.
807 962 945 1028 Reverti
960 961 1123 1047 siquidem
1137 961 1292 1029 desidero
1306 963 1349 1028 ad

310 1077 510 1162 promissam
523 1081 715 1143 nostrarum
728 1076 947 1162 reliquiarum
961 1079 1080 1143 seriem
1096 1077 1346 1147 declarandam.

629 1327 673 1375 DE
695 1328 785 1377 Parin
809 1328 894 1377 CENE
919 1327 1041 1397 DOMINI

355 1539 541 1604 Secundum
570 1541 757 1618 Matheum,
786 1539 873 1606 dixit
901 1541 1024 1624 Jhesns
1045 1540 1219 1626 discipulis
1249 1541 1345 1605 suis:
1449 1559 1451 1562 ’

311 1655 363 1720 Ite
385 1655 420 1718 in
441 1655 614 1721 civitatem
635 1656 676 1721 ad
699 1655 874 1741 quemdam
898 1660 933 1723 et
960 1654 1061 1723 dicite
1088 1656 1118 1720 ei
1147 1678 1155 1721 :
1185 1656 1350 1742 Magister

311 1770 392 1838 dicit
418 1773 585 1859 :Tempus
605 1793 714 1838 meum
735 1792 838 1859 prope
862 1777 927 1849 est,
953 1772 1039 1858 apud
1058 1776 1100 1838 te.
1115 1771 1202 1838 facio
1223 1774 1350 1858 pascha

60 1945 62 1950 ,
133 1965 135 1967 ,
264 1902 300 1965 10
312 1908 385 1953 cum
402 1888 575 1975 discipulis
595 1890 691 1954 meis.
710 1889 753 1953 Et
768 1888 921 1954 iecerunt
935 1887 1090 1975 discipuli
1111 1889 1198 1955 sicut
1221 1891 1350 1955 consti-

176 2007 178 2011 ’
310 2005 377 2071 tuit
388 2005 437 2070 eis
453 2006 587 2083 ihesus,
614 2010 648 2071 et
667 2009 873 2094 paraverunt
897 2005 1034 2090 pascha.
1059 2003 1265 2071 Cenantibus
1287 2024 1350 2070 au-

309 2125 377 2186 tem
402 2121 450 2186 eis
478 2122 606 2206 accepit
635 2121 758 2186 Jhesus
784 2140 904 2206 panem
929 2120 1163 2208 etlbenedixit
1188 2128 1223 2188 et
1247 2120 1349 2208 fregit

310 2235 467 2322 deditque
493 2237 666 2323 discipulis
684 2239 765 2302 suis.
800 2238 847 2301 De
864 2236 922 2301 illo
939 2256 1035 2303 sacro
1050 2257 1136 2324 pane
1157 2239 1191 2302 in
1212 2238 1272 2303 illa
1293 2258 1350 2304 sa-

311 2353 503 2418 cratissima
529 2372 612 2427 cena
637 2358 711 2418 tam
732 2350 832 2437 digne
851 2335 1027 2418 benedicto
1047 2352 1223 2419 habemns.
1251 2353 1349 2420 Anno

310 2488 389 2534 vero
410 2469 451 2534 ab
470 2468 703 2534 incarnatione
727 2467 855 2535 Christi
876 2469 925 2534 Ml
947 2470 1167 2555 nonagesimo
1182 2471 1298 2555 quinto
1314 2472 1349 2534 in

309 2584 534 2651 translatione
578 2585 698 2670 capitis
729 2583 819 2650 beati
847 2584 1022 2670 Gregorii,
1062 2583 1166 2671 pape,
1207 2584 1350 2676 abone

309 2701 468 2766 memorie
485 2700 654 2778 Rioherio,
673 2699 859 2765 Senonensi
872 2700 1135 2786 archiepiscopo,
1152 2700 1253 2780 facta,
1271 2721 1351 2788 pre-

311 2815 419 2882 dictus
450 2821 587 2883 sanctus
617 2816 715 2902 panis
740 2816 775 2880 in
804 2815 948 2901 quodam
979 2816 1103 2882 scrinio
1119 2821 1292 2902 argenteo
1316 2820 1351 2883 et

106 2991 109 3002 t
193 2978 196 2982 -
310 2952 413 2998 aureo
431 2954 505 2999 cum
527 2934 604 2999 aliis
619 2933 781 3018 reliqniis,
801 2932 984 2999 ordinatim
1001 2932 1182 2998 secundum
1198 2939 1349 3000 nostram

263 3050 471 3123 soletaniam
506 3031 717 3115 declarandis
728 3064 742 3125 ,’
770 3051 927 3115 inventus
960 3047 1024 3115 fuit
1060 3069 1133 3114 cum
1164 3050 1362 3135 superseri.

311 3165 480 3250 ptionibus
507 3165 626 3250 quibus
652 3163 734 3229 fides
753 3169 827 3231 erat
849 3164 980 3250 plenius
1006 3163 1207 3230 adhibenda.
1225 3165 1350 3229 Postea

311 3299 391 3345 vero
409 3299 469 3365 por
488 3279 572 3345 bone
591 3280 750 3345 memorie
771 3279 871 3365 hujus
890 3280 954 3346 loci
977 3280 1172 3366 religiosum
1196 3278 1349 3344 abbatem

311 3394 509 3460 (lanfridum
531 3396 675 3482 primum
699 3394 910 3461 intabulatus
942 3394 1006 3460 init
1036 3397 1072 3460 in
1099 3414 1205 3480 parva
1234 3395 1351 3461 tabula

312 3517 474 3597 argentea
489 3515 523 3577 et
536 3511 725 3578 cristallina
751 3518 789 3577 ut
803 3511 944 3597 populus
968 3509 1121 3575 fidelibus
1139 3510 1349 3576 ostendatur.

581 3823 585 3828 .
672 3763 715 3811 DE
739 3761 848 3810 cauci:
872 3761 994 3809 Donlnr

357 3975 498 4064 Legitur
513 3978 547 4041 in
564 3974 707 4060 quodam
723 3975 809 4040 libro
823 3974 879 4059 qui
899 3973 1140 4060 Euvangelium
1156 3939 1353 4043 Nichodemi

313 4095 508 4162 nominatur
522 4093 625 4179 quod,
640 4113 714 4158 curn
728 4091 835 4158 Adam
849 4092 977 4176 primus
994 4089 1093 4157 homo
1108 4091 1350 4174 infirmaretur,
