3180 5012
246 717 403 817 maneat,
433 745 471 807 ut
502 739 609 825 possit
639 737 748 806 dictus
777 737 923 804 sacrista
950 727 1199 823 postulantibus
1224 726 1283 801 de-

244 860 434 920 monstrare
447 874 509 938 que
530 857 564 919 et
579 858 704 938 quante
720 858 798 918 sunt
814 856 1008 946 sanctorum
1024 855 1283 934 sanctarumque

246 970 386 1054 reliquie
399 988 461 1054 que
474 967 596 1035 debent
610 988 630 1033 a
646 968 799 1033 h'delihus
813 966 940 1034 Christi
957 967 992 1030 in
1005 965 1156 1052 predicto
1169 965 1284 1031 Sancti

250 1085 344 1186 Petri
364 1084 570 1150 monasterio
593 1084 762 1150 venerari.

332 1333 506 1381 NARRATIO
529 1333 714 1381 PRESENTIS
737 1332 899 1381 OPUSCULI
923 1333 967 1380 ΕΤ
991 1331 1212 1380 sancnnltunl'

455 1448 696 1506 RELIQUIARUM
715 1447 836 1496 BREVIS
857 1448 1075 1497 CONSCRIPTIO

213 1748 217 1752 ἡ
290 1659 405 1723 Primo
424 1678 504 1725 vero
523 1656 564 1724 de
583 1660 761 1727 salvatore
782 1681 802 1726 a
829 1681 893 1746 quo
917 1660 1005 1727 bona
1029 1666 1151 1728 cuncta
1166 1681 1284 1747 proce-

250 1773 334 1842 dunt
350 1774 441 1860 loqui
456 1773 571 1858 debeo,
589 1775 710 1860 dequo
728 1797 788 1862 per
805 1776 1000 1862 prophetam
1015 1777 1123 1841 Baruc
1141 1775 1282 1842 dicitur:

248 1889 331 1956 Post
346 1891 409 1955 hec
421 1891 457 1954 in
469 1890 572 1957 terris
590 1891 683 1955 visus
696 1894 748 1957 est
763 1895 884 1957 etcum
900 1889 1091 1955 hominibus
1105 1909 1285 1957 conversa-

247 2007 316 2069 tus.
332 2004 494 2089 Quicquid
510 2005 616 2090 ipsius
631 2006 860 2071 sacratissime
879 2006 1146 2071 conversationis
1161 2005 1285 2070 habere
1298 2009 1334 2073 10

247 2136 425 2204 possumus
447 2123 484 2184 ut
510 2118 677 2185 habeatur
700 2117 863 2184 celebrius
883 2117 1072 2186 declarabo.

290 2232 464 2316 Reliquias
483 2232 645 2298 habemus
660 2231 700 2296 de
720 2252 805 2317 pane
825 2249 915 2310 cene,
932 2231 972 2298 de
985 2253 1095 2311 cruce,
1114 2233 1155 2299 de
1170 2233 1285 2301 tunica

247 2345 288 2410 de
307 2347 460 2432 spongia,
476 2346 516 2411 de
529 2346 658 2429 lancea,
674 2344 715 2412 de
734 2347 885 2432 syndone
896 2352 930 2414 et
947 2348 987 2414 de
1001 2349 1153 2434 sepulcro
1166 2349 1282 2435 ipsius,

246 2461 379 2525 Domini
402 2461 511 2527 nostri
532 2461 719 2528 Salvatoris
736 2461 840 2526 Jhesu
855 2461 995 2530 Christi.

290 2574 414 2640 Deinde
435 2574 475 2639 de
498 2575 598 2641 beata
621 2575 736 2669 Maria
749 2576 882 2662 virgine
906 2581 1016 2643 matre
1036 2577 1143 2663 ipsius
1164 2571 1286 2644 Salsa-

246 2691 332 2756 toris
360 2691 469 2757 nostri
505 2690 610 2755 Jhesu
636 2689 767 2778 ‘Christi
791 2690 831 2755 de
862 2712 928 2776 qua
958 2680 1099 2779 scripxit
1127 2693 1282 2759 Ysaias:

250 2833 264 2859 a
282 2805 366 2869 Ecce
383 2805 480 2889 virgo
496 2803 706 2889 concipietet
717 2805 828 2890 pariet
844 2803 964 2882 filium,
984 2835 998 2862 n
1019 2803 1174 2890 quicquid
1191 2807 1287 2870 simi·
1404 2810 1422 2888 j

246 2917 326 2983 liter
341 2915 382 2982 de
398 2918 504 3003 ipsius
518 2916 618 2983 rebus
637 2919 673 2982 in
688 2919 757 3005 jam
772 2917 863 2984 dieto
878 2923 996 2986 nostro
1019 2919 1156 2986 cenobio
1173 2938 1287 2986 reser-

246 3036 347 3100 vatur
360 3033 502 3099 inferius
522 3033 703 3100 annotabo,

291 3148 464 3234 Reliquias
479 3148 642 3214 habemus
660 3149 700 3214 de
717 3151 948 3228 vestimentiS,
966 3150 1007 3216 de
1033 3151 1164 3236 capillis
1190 3155 1224 3216 et
1245 3148 1334 3229 deno

248 3263 336 3332 lacto
349 3265 456 3350 ipsius
476 3265 650 3350 genitricis
670 3265 729 3330 Dei
751 3265 894 3351 virginis
907 3266 1027 3331 Mario.

290 3377 401 3466 Majus
421 3379 529 3446 altare
547 3384 701 3445 nostrum
717 3379 878 3462 habemus
903 3399 923 3444 a
939 3379 1007 3446 Peo
1028 3384 1061 3446 et
1081 3369 1211 3466 angelis
1227 3379 1287 3444 de-

248 3493 407 3561 dicatum.

293 3610 465 3696 Reliquias
492 3608 664 3675 'hahemus
699 3609 740 3675 de
772 3610 986 3678 vestimentis
1020 3616 1055 3676 et
1089 3610 1129 3676 de
1171 3609 1287 3697 digitis

251 3725 360 3790 sancti
380 3724 546 3789 Johannis
568 3723 732 3808 Baptista.
1096 3705 1115 3716 Ἀ

293 3839 391 3920 Item,
415 3836 457 3904 de
474 3838 606 3904 ossibus
623 3838 711 3924 justi
730 3838 918 3923 Symeonis.

207 4023 210 4028 ,
292 3953 390 4030 Item,
418 3952 459 4019 de
497 3951 614 4031 barba,
648 3953 877 4032 vestimentis,
910 3974 1007 4021 cruce
1042 3959 1141 4040 atque
1178 3955 1290 4041 palma

251 4070 360 4134 sancti
371 4069 478 4147 Petri,
493 4068 722 4156 apostolorum
736 4069 910 4155 principis

294 4183 393 4258 Item,
425 4184 585 4274 reliquias
606 4181 769 4249 habemus
794 4184 1017 4270 plurimorum
1049 4186 1287 4272 apostolorum,
