3160 5016
673 521 872 591 -275-

255 668 339 734 simo
356 666 512 745 secundo,
525 665 707 735 indictione
720 663 909 744 undecima,
925 663 1145 752 mensisevero
1161 680 1295 730 novem·

255 784 325 850 bris
341 783 396 851 dle
409 757 494 863 nvi,
511 781 728 872 pontificatus
749 781 955 849 sanctissimi
970 781 1006 847 in
1027 779 1163 848 Christo
1186 778 1295 867 patris

257 904 292 969 et
309 900 433 968 domini
450 902 559 969 nostri
579 901 644 981 Pii,
660 899 774 967 divina
802 896 1016 988 providentia
1038 917 1123 986 pape
1141 894 1290 976 secundi,

259 1038 347 1085 anno
366 1023 499 1105 quarto.

291 1171 326 1218 lin
340 1171 425 1232 rsgcrd
438 1172 482 1220 des
501 1170 641 1232 signatures
657 1169 699 1218 des
712 1170 819 1218 notnires
832 1182 866 1218 on
879 1169 907 1218 lit
924 1170 960 1218 les
971 1169 1095 1220 mentions
1108 1169 1252 1220 sulcantes:
1324 1219 1331 1232 ,

305 1279 348 1347 Et
371 1299 451 1367 ego,
479 1278 691 1346 Theobaldus
719 1279 881 1358 Laurent,
915 1279 1119 1346 Senonensis
1145 1276 1297 1366 publicus

259 1396 463 1463 anctoritate
499 1394 685 1484 apostolica
718 1395 886 1475 notarius,
908 1395 1176 1483 venerabilisque
1206 1394 1298 1462 curie

260 1511 462 1578 Senonensis
478 1511 614 1580 tabellio
635 1512 782 1601 juratus,
812 1513 890 1601 qnia
910 1512 1142 1600 prenominata
1157 1528 1300 1580 venera-

259 1627 337 1695 bilis
370 1626 554 1696 confratrie
588 1630 839 1714 constitucioni,
875 1628 1084 1697 ordinacioni
1112 1629 1300 1716 ceterisque

263 1744 437 1832 premissis
452 1743 607 1813 omnibus
622 1749 655 1814 et
678 1745 821 1832 singulis
840 1745 938 1813 modo
953 1750 988 1814 et
1005 1744 1114 1814 forma
1128 1746 1302 1833 preinser·

260 1862 319 1940 tis,
335 1860 449 1940 dictis,
465 1860 566 1929 factis
592 1867 627 1929 et
651 1861 803 1930 actitatis
823 1881 891 1929 una
914 1881 989 1929 cum
1008 1861 1141 1930 notario
1169 1860 1301 1949 publico

264 1976 465 2065 subscripto
491 1976 643 2058 interfui,
663 1997 768 2065 eaque
793 1978 841 2046 sic
861 1975 936 2044 fieri
959 1976 1079 2047 vidiat
1098 1976 1225 2056 audivi,
1247 1975 1301 2043 id-

264 2093 352 2162 circo
393 2093 606 2181 presentibus
643 2093 769 2162 litteris
805 2115 863 2162 seu
896 2096 1046 2182 presenti
1075 2096 1302 2163 instrumento

264 2210 305 2276 de
314 2211 413 2298 jussu
428 2210 655 2299 predictorum
678 2209 889 2278 dominorum
906 2211 1038 2280 abbatis
1061 2217 1096 2280 et
1119 2215 1304 2280 conventus

264 2326 588 2416 confectis-signum
611 2348 720 2394 meum
741 2328 910 2416 publicum
933 2347 1001 2395 una
1027 2346 1101 2395 cum
1117 2327 1305 2416 sigillorum

265 2445 414 2533 ipsorum
429 2446 632 2533 appensione
649 2445 684 2510 in
702 2445 933 2513 testimonium
952 2445 1193 2533 premissorum
1209 2461 1308 2532 appo·

266 2563 317 2628 sui
337 2567 546 2642 consuetum,
565 2562 750 2650 requisitus
766 2562 958 2651 specialiter
974 2566 1008 2630 et
1018 2566 1171 2650 rogatus.

309 2679 434 2745 Verum
450 2680 529 2766 quia
547 2699 609 2767 ego
623 2680 795 2746 lohannes
812 2679 966 2757 Poehon,
979 2679 1121 2746 clericus
1133 2677 1308 2745 Morincn·

265 2795 313 2863 sis
334 2794 500 2882 dyocesis,
526 2795 562 2860 in
582 2794 713 2863 artibus
734 2796 911 2884 magister,
927 2794 1079 2883 publicus
1105 2794 1308 2862 auctoritate

265 2910 460 2998 apostolica,
471 2911 629 2998 curiaque
640 2911 844 2978 venerabilis
855 2911 1058 2978 Senonensis
1071 2911 1238 2989 notarius,
1250 2929 1309 2976 seu

265 3026 401 3094 tabellio
409 3028 559 3115 juratus,
576 3027 869 3097 confraternitatis
890 3047 949 3095 seu
964 3027 1149 3096 confratria
1171 3046 1310 3115 supras-

268 3145 373 3233 cripte
396 3147 634 3214 constitucioni
655 3151 690 3215 et
707 3146 916 3214 ordinacioni
935 3146 1122 3232 ceterisque
1135 3142 1310 3230 premissis

270 3262 423 3330 omnibus
437 3268 471 3332 et
491 3263 646 3351 singulis,
664 3263 742 3330 dum
761 3265 821 3344 sic,
841 3269 878 3332 ut
893 3284 996 3352 supra
1013 3264 1219 3341 scribuntur,
1230 3281 1313 3352 age·

268 3383 397 3462 rentur,
422 3378 615 3447 dicerentur
630 3385 665 3447 et
680 3379 812 3460 fierent,
837 3401 905 3446 una
927 3401 1002 3446 curn
1023 3379 1157 3448 notario
1173 3398 1313 3466 supras-

271 3495 390 3582 cripto,
408 3515 547 3582 presens
566 3495 628 3577 fui,
639 3515 743 3584 eaque
759 3497 808 3564 sic
822 3495 898 3564 fieri
912 3496 982 3564 vidi
996 3500 1030 3565 et
1047 3495 1173 3575 audivi,
1188 3494 1312 3562 idcirco

271 3612 334 3678 hoc
348 3632 487 3700 presens
503 3612 671 3702 publicum
687 3614 965 3694 instrumentum,
987 3613 1027 3680 de
1035 3613 1134 3703 jussu
1148 3611 1280 3700 predict
1301 3647 1314 3661 ·

271 3747 346 3794 rum
359 3728 601 3797 venerabilium
619 3730 830 3799 dominorum
843 3730 975 3799 abbatis
994 3735 1030 3798 et
1045 3734 1231 3798 conventus
1246 3728 1314 3795 iac·

271 3847 343 3910 tum
358 3849 392 3912 et
409 3844 700 3934 conditum,signo
715 3866 789 3913 meo
803 3847 935 3934 publico
950 3866 1017 3914 una
1032 3867 1107 3914 cum
1120 3846 1313 3934 sigillorum

270 3961 463 4028 eorumdem
486 3963 728 4030 venerabilium
762 3965 980 4053 appensione,
1006 3965 1041 4030 in
1071 3964 1314 4052 premissorum

271 4073 371 4145 fidem
387 4081 421 4148 et
438 4079 682 4164 testimonium,
701 4081 834 4170 signavi
852 4082 1038 4170 requisitus
1059 4083 1093 4150 et
1113 4083 1268 4168 rogatus.

699 4275 889 4294 m
