3164 5016
721 545 764 567 ...
786 507 896 582 75·-

358 658 516 745 Ereptum
529 653 875 745 precibusoonstituit
888 643 1098 722 monachum.

358 775 431 840 Rex
445 774 571 861 proprii
586 775 675 862 juris
696 774 794 841 firma
811 773 958 861 sublege
973 771 1121 857 reliquit,

357 890 459 957 Petro
473 891 635 958 Sennensi
653 896 752 978 atque
765 892 834 958 suis
850 890 1022 957 monachis

356 1007 469 1095 Pagus
481 1007 662 1093 Aquitania
677 1009 729 1074 vel
741 1012 902 1095 quantum
917 1006 1102 1073 Aruernica
1116 1009 1207 1072 terre
1270 1021 1273 1026 ⁴

357 1123 464 1210 Hujus
480 1122 624 1192 habebat
639 1144 717 1211 opes
730 1123 872 1191 contulit
886 1123 941 1188 hic
954 1122 1147 1190 monachus

349 1377 392 1424 DE
415 1375 531 1428 MORTE
554 1378 598 1425 ΕΤ
622 1377 820 1426 SEPULTURA
842 1377 951 1426 Bnarn
976 1375 1260 1433 rnnooncfflLDIS,

729 1493 880 1542 VIRGINIS

334 1711 439 1776 Beata
461 1707 727 1787 Theodechildis,
745 1729 808 1795 que
822 1708 918 1796 uirgo
942 1712 976 1776 et
992 1709 1059 1773 Deo
1080 1711 1213 1773 sacrata
1232 1708 1322 1774 exti-

288 1825 367 1892 tita
391 1826 551 1911 puericia,
569 1825 674 1893 vitam
690 1824 890 1912 virginalem
914 1823 1051 1902 ducens,
1073 1825 1109 1888 in
1125 1823 1266 1910 justicia
1287 1829 1321 1892 et

290 1943 471 2009 sanctitate
493 1962 705 2028 permanens,
724 1941 861 2029 dignum
881 1940 1108 2008 habitaculum
1134 1941 1186 2006 sni
1209 1929 1366 2007 cordis10

168 2134 171 2140 ,
288 2057 565 2144 Spiritui-Sancto
591 2058 724 2144 prebuit
754 2029 1002 2145 perseverans'*
1018 2058 1096 2124 Fuit
1128 2057 1319 2144 elemosinis
1466 2039 1468 2044 ¹

189 2205 192 2212 ·
287 2175 399 2262 larga3
424 2174 574 2261 jejuniis,
594 2175 820 2253 abstinentiis
841 2172 1026 2261 disciplinis
1051 2177 1085 2240 et
1111 2173 1319 2241 orationibus

194 2316 196 2319 ·
287 2291 547 2376 mittissimoque
568 2290 667 2357 corde
687 2291 827 2357 Domino
849 2289 1028 2369 serviebat,
1052 2294 1085 2356 et
1106 2310 1168 2377 qne
1191 2288 1320 2358 solebat

286 2405 464 2494 precedere
483 2403 703 2486 nobilissime,
725 2407 860 2474 famulis
877 2408 936 2472 Dei
955 2410 989 2474 et
1001 2407 1319 2494 communiterp'au-

286 2524 421 2611 peribus
433 2523 659 2608 ministrabat.
678 2525 759 2601 Quo,
778 2527 953 2610 postquam
978 2543 1112 2589 cursum
1131 2525 1201 2590 vite
1218 2524 1317 2610 hujus

286 2639 502 2707 laudabiliter
531 2639 689 2726 expleuit,
726 2640 886 2726 migrauit
922 2658 942 2704 a
985 2639 1095 2705 seculo
1129 2641 1246 2706 vivens
1281 2639 1317 2704 in

285 2754 432 2834 Christe,
449 2760 483 2823 et
498 2757 629 2843 sepulta
644 2755 709 2824 luit
729 2757 764 2821 in
778 2743 984 2823 monasterio
1008 2775 1067 2821 suo
1090 2755 1205 2824 Sancti
1223 2757 1317 2824 Petri

284 2872 363 2938 Vivi
387 2871 599 2956 Senonensis,
631 2871 673 2938 ad
703 2873 876 2938 sinistrum
903 2871 992 2937 latus
1013 2871 1151 2957 majoris
1182 2871 1314 2951 altaris

285 2987 371 3074 quod
383 3008 404 3054 a
416 2990 483 3054 Deo
495 2969 530 3056 et
542 2989 671 3075 angelis
683 2987 893 3076 dignoscitur
906 2991 1148 3054 consecratum.
1161 2988 1238 3053 Dies
1253 3008 1316 3056 an-

283 3101 462 3172 niversarii
476 3107 639 3172 memorie
650 3105 721 3191 ejus
746 3105 879 3172 ducitur
900 3105 934 3169 in
956 3105 1074 3192 vigilia
1089 3105 1315 3191 apostolorum
1325 3097 1364 3162 20

283 3218 377 3286 Petri
396 3223 430 3286 et
451 3195 569 3285 Pauli,
585 3217 709 3286 Postea
730 3237 810 3284 vero
832 3216 972 3283 domnus
996 3215 1179 3283 (laufridus
1197 3217 1313 3298 abbas,

283 3337 338 3420 qui
355 3355 477 3401 novum
494 3355 575 3422 opus
595 3334 790 3401 monasterii
808 3334 958 3400 construi
978 3331 1070 3412 fecit,
1092 3353 1222 3401 sacrum
1244 3354 1315 3401 cor·

280 3473 342 3538 pus
360 3451 448 3519 dicte
464 3457 578 3522 sancte
594 3450 736 3538 virginis
751 3450 928 3518 transtulit
943 3450 978 3515 in
995 3450 1102 3516 locum
1118 3451 1154 3515 in
1167 3471 1231 3537 quo
1243 3457 1313 3530 est,

280 3573 314 3635 et
329 3568 509 3634 honorifice
525 3571 624 3654 capnt
647 3567 753 3654 ipsius
770 3567 888 3653 regine
910 3566 945 3630 in
960 3571 1101 3653 argento
1117 3566 1159 3632 ad
1180 3566 1314 3633 modum

280 3684 453 3772 cujusdam
470 3683 567 3750 faciei
591 3682 755 3750 fabricato
770 3681 877 3749 uoluit
895 3683 1101 3750 conseruari.

320 3936 541 3985 EPYTAPHIUM
563 3936 668 3985 IPSIUS
685 3935 812 3985 SANGTE
833 3935 1099 3984 rflnoonofflnms
1117 3920 1265 3986 VIRGINlS

340 4146 441 4232 ¹Hune
455 4155 573 4252 regina
587 4155 695 4236 locum
710 4157 884 4236 monachis
899 4155 1146 4233 construxit'ab
1165 4159 1243 4250 ymo
