3164 5016
621 511 733 591 -ou
758 559 797 575 -

194 665 235 732 de
248 666 477 753 corporalibus
489 686 563 733 cum
580 667 699 753 quibus
710 667 901 758 celebrabat
913 666 1032 734 beatus
1045 663 1228 751 Gregorius

167 776 169 782 ’
194 779 406 872 partiuncula
418 788 674 852 conservantur.

289 1035 333 1084 Du
355 1035 488 1084 DIMIDIO
515 1036 627 1085 Durium
646 1036 771 1088 *snricrl
795 1035 965 1086 N10HOLAY
987 1035 1136 1084 EPISOOPI

238 1251 362 1317 Beatus
393 1251 590 1332 Nicholaus‚
617 1253 790 1340 episcopus
817 1252 1007 1332 Mirrensis‚
1035 1272 1077 1318 ex
1105 1250 1231 1320 illustri

194 1366 352 1453 prosapia
370 1370 464 1436 ortus
480 1369 562 1435 ciuis
582 1367 647 1436 fuit
665 1369 812 1437 Pothero
822 1368 915 1435 urbis
936 1370 1027 1436 Lioie
1046 1368 1226 1456 provincie.

196 1479 278 1548 Vita
292 1481 398 1569 ipsius
417 1487 451 1550 et
474 1484 637 1551 miracula
656 1489 796 1574 possunt
819 1483 963 1550 inlibris
980 1483 1233 1571 quamplurimis

197 1599 350 1684 reperiri.
372 1601 418 1667 De
439 1601 592 1688 reliquiis
612 1602 716 1689 ipsius
738 1603 846 1670 sancti
867 1601 1035 1688 Nicholay
1057 1601 1232 1681 habemus,

198 1710 370 1781 dimidium
388 1716 521 1785 dentem
540 1718 709 1797 videlicet,
741 1737 838 1804 quern
856 1713 1049 1785 Alexander
1068 1718 1235 1807 presbiter

198 1827 238 1896 de
251 1832 383 1911 Naado,
398 1832 604 1920 capellanus
623 1833 785 1920 Stephani
798 1834 929 1902 comitis
941 1833 1235 1901 huicmonasterio

198 1948 412 2016 condonavit.
430 1950 529 2016 Anno
548 1951 681 2018 Domini
700 1953 748 2018 Μο
770 1949 837 2019 00⁰
854 1953 1070 2039 nonagesimo
1092 1951 1236 2018 secundo
1249 1958 1284 2022 10

197 2068 347 2152 temporo
366 2065 479 2132 domni
502 2063 618 2133 iacobi
637 2066 781 2147 abbatis,
800 2067 1011 2135 Theobaldus
1030 2067 1071 2134 de
1094 2068 1235 2135 Senouis

199 2181 382 2248 monachus
402 2186 437 2250 et
452 2181 685 2250 thesaurarius
714 2185 814 2272 hujus
841 2184 905 2250 loci
929 2183 1024 2250 illum
1048 2182 1129 2252 lecit
1157 2185 1236 2272 poni

200 2318 268 2364 una
290 2311 365 2365 cum
382 2299 481 2380 dente
502 2301 610 2368 sancti
629 2301 731 2368 Marii
753 2299 956 2368 confessoris
977 2303 1015 2368 iu
1030 2299 1237 2388 philatheria

201 2416 402 2485 cristallina.

498 2673 542 2720 uu
560 2641 678 2722 ¹curma
700 2673 820 2723 sirtori
842 2674 943 2722 naun

245 2881 342 2969 Apud
382 2883 590 2951 Mauriacum
629 2887 834 2954 translatum
869 2885 935 2954 luit
967 2907 1026 2952 seu
1053 2885 1239 2968 relevatum

128 3009 131 3014 ’
204 3002 356 3066 sanctum
376 3019 496 3087 corpus
520 3000 609 3069 beati
637 3002 737 3068 Marii
755 3001 970 3087 confessoris,
1002 3003 1058 3090 qui
1083 2999 1148 3068 fuit
1170 3003 1240 3071 vite

202 3115 381 3183 laudabilis
393 3117 446 3185 vir
462 3119 642 3205 multisque
657 3119 779 3186 claruit
796 3120 980 3198 miraculis,
993 3123 1031 3188 ut
1045 3121 1082 3185 in
1096 3119 1182 3186 libro
1199 3119 1240 3186 de

204 3233 275 3301 vita
296 3235 404 3320 ipsius
427 3234 517 3303 edito
542 3228 669 3324 poteris
696 3237 855 3324 reperire.
878 3238 1018 3304 Dentem
1041 3237 1146 3324 ipsius
1166 3257 1240 3303 eum

204 3347 304 3418 dente
320 3349 457 3419 dimidio
474 3353 583 3420 sancti
598 3351 766 3439 Nioholay
781 3372 1030 3420 conservamus.
1251 3356 1291 3422 20

399 3606 442 3654 Dm
465 3596 541 3654 OSSE
564 3603 681 3654 senon
704 3604 886 3654 BENEDIGTI
910 3604 1051 3653 nBBATIS

250 3821 328 3888 Fuit
341 3821 395 3888 uir
409 3820 479 3887 vito
493 3817 694 3888 venerabilis
710 3819 822 3906 gratia
835 3817 1029 3885 benedictus
1045 3823 1079 3886 et
1094 3818 1240 3898 nomine,

107 3997 114 4012 ,
207 3935 309 4003 abbas
325 3937 452 4005 Montis
467 3936 621 4014 Cassini3
643 3935 795 4023 regulam
814 3936 1052 4001 monachorum
1073 3935 1245 4021 conserip-

208 4054 273 4132 sit;
295 4052 428 4143 fulgens
453 4055 638 4133 miraculis,
656 4052 839 4121 virtutibus
855 4058 890 4120 et
909 4052 1070 4140 exemplis
1086 4052 1245 4138 migravit

209 4167 251 4236 ad
272 4159 460 4252 Dominum,
483 4175 520 4240 et
531 4169 618 4259 apud
641 4170 791 4239 Montem
806 4169 984 4238 Cassinum
999 4167 1150 4257 sepultus
1167 4164 1243 4235 fuit.
