3164 5016
632 520 819 618 Ι-59-

209 681 289 746 pore
314 665 570 728 conservantur.
590 660 738 735 Quorum
757 661 836 727 Vite
857 664 890 727 et
905 663 1062 748 martyrii
1076 661 1186 728 Series
1214 663 1250 726 in

205 779 277 864 jam
302 777 392 844 dicto
420 778 625 846 monasterio
645 776 758 842 Sancti
781 777 874 842 Petri
893 778 1018 863 poterit
1039 770 1193 846 totaliter
1214 783 1248 846 et

211 913 313 958 causa
333 893 569 961 translationis
586 895 735 980 ipsorum
753 894 942 978 martyrum
959 895 1112 979 reperiri.

439 1145 489 1192 nn·
505 1143 675 1202 nuurouus
700 1143 820 1192 sunem
843 1144 1025 1193 uuunuucu

256 1362 381 1428 Beatus
400 1361 608 1427 Laurentius
622 1364 779 1446 presente
803 1358 903 1432 Decio
921 1363 998 1444 post
1016 1359 1164 1445 plurima
1179 1363 1253 1428 tor·
1278 1410 1280 1414 -

212 1479 327 1543 menta
343 1477 489 1543 carceris
509 1481 543 1544 et
560 1477 737 1554 perberum
760 1496 800 1542 ac
823 1477 926 1542 etiam
947 1475 1074 1562 plumbi
1095 1475 1252 1543 :ardentis

214 1597 316 1678 super
343 1612 464 1676 corpus
493 1593 599 1676 ipsius
629 1588 727 1656 effusi
763 1589 805 1656 ad
838 1590 993 1657 ultimum
1019 1590 1055 1655 in
1089 1592 1253 1658 craticula

113 1769 120 1776 .
215 1705 326 1773 ferrea
353 1712 488 1774 assatus
516 1707 718 1792 martyrium
746 1707 1003 1773 consummavit.
1031 1707 1078 1772 De
1101 1707 1253 1792 reliquiis

168 1806 171 1813 ’
213 1823 317 1908 ipsius
337 1820 499 1888 habemus
522 1823 557 1886 iu
574 1821 710 1908 capsula
734 1841 813 1904 crea
831 1825 865 1888 et
890 1821 1079 1888 cristallina
1097 1842 1170 1888 cum
1197 1843 1254 1888 re-

213 1939 326 2024 liquiis
343 1940 453 2006 sancti
469 1940 656 2006 Vincencii.
669 1940 722 2018 ,De
738 1936 871 2025 plumbo
890 1935 995 2003 effuso
1017 1958 1118 2024 super
1132 1958 1252 2024 corpus
1267 1943 1301 2006 lc

214 2055 286 2141 ejus
306 2053 480 2120 habemus
1037 2072 1040 2078 ·
1132 2057 1137 2068 ’

532 2304 576 2352 DE
599 2303 727 2352 SANGTO
750 2303 932 2353 vrucuncm

257 2519 400 2586 Sanctus
416 2517 632 2594 Vincenoius,
651 2516 779 2608 Glpristi
793 2522 927 2604 martyr
943 2522 977 2584 et
994 2519 1111 2596 levita,
1128 2499 1255 2603 tempo·

213 2633 307 2699 ribus
341 2632 556 2719 Dyocleciani
586 2637 620 2698 et
651 2632 851 2698 Maximiani
873 2633 1011 2699 civit-ate
1039 2633 1199 2698 Valencie
1218 2633 1253 2697 in

214 2749 391 2835 Hyspania
401 2754 478 2834 post
490 2747 629 2814 nimiam
642 2747 754 2813 oedem
765 2753 799 2814 et
812 2748 1108 2834 graviatormenta
1116 2747 1253 2813 tandem

216 2865 276 2930 sub
296 2865 476 2952 jamdicto
496 2864 718 2949 Dyocleciano
736 2863 901 2948 martyrio
921 2849 1114 2929 coronatur.
1142 2862 1253 2948 Ipsius

214 2980 354 3066 reliquie
373 2981 408 3045 iu
426 2979 580 3066 predicta
599 2979 736 3066 capsula
758 2978 948 3046 cristallina
964 2981 998 3044 et
1018 2997 1096 3044 crea
1116 2997 1259 3061 censer<

213 3101 349 3164 vantur.
364 3096 539 3166 Passionis
554 3115 612 3160 sue
630 3099 664 3161 et
677 3096 747 3161 vite
762 3094 889 3161 Seriem
903 3095 1062 3180 scriptam
1076 3093 1251 3161 habemus.

277 3347 320 3394 nu
343 3345 513 3404 namucus
537 3345 741 3394 suucuonuiu
764 3345 902 3394 ruamur
924 3345 969 3393 ur
992 3345 1188 3395 scansurum

635 3461 830 3510 Mancinum
1261 3459 1301 3525 20

257 3660 400 3727 Sanetus
416 3658 599 3736 Fabianus
621 3659 771 3724 Romane
795 3657 883 3726 sedis
898 3659 1084 3746 episcopus
1100 3679 1163 3746 per
1174 3661 1253 3726 'tre-

213 3774 319 3840 decim
335 3795 442 3841 annos
459 3774 643 3839 Ecclesiam
663 3775 765 3852 rexit,
787 3778 820 3842 et
842 3778 992 3862 tempore
1008 3775 1099 3840 Decii
1115 3793 1249 3860 passus,

210 3892 246 3954 in
260 3889 386 3956 Calixti
404 3890 569 3956 cimiterio
588 3895 640 3956 est
661 3888 822 3976 sepultus
846 3891 971 3957 Beatus
986 3909 1065 3957 vero
1079 3888 1252 3955 Sebastia-

179 4026 270 4092 vnus
296 4005 383 4091 apud
414 4005 661 4072 Cathacumbas
688 4025 709 4070 a
733 4005 956 4090 Dyocleciano
987 3987 1190 4090 imperatore
1214 4006 1249 4070 in
1312 4015 1325 4031 ‘

210 4140 326 4210 campo
357 4120 455 4208 ligari
485 4125 519 4188 et
547 4141 567 4187 a
592 4120 755 4189 militibus
783 4121 941 4211 sagittari
969 4123 1004 4188 et
1027 4119 1069 4188 ad
1095 4120 1249 4190 ultimum
