3180 5012
640 556 685 573 -
707 511 751 590 35
772 520 817 574 .;
849 530 853 536 ·

204 639 326 750 jestas,
347 667 382 729 et
400 681 457 728 cor
474 664 656 731 contritum
680 669 715 732 et
727 665 855 730 humile
871 683 971 752 super
984 665 1148 752 petitione
1164 684 1246 734 eon-

210 778 312 864 digna
332 777 496 845 divinum·
517 760 680 844 aurilium
709 781 915 866 recognovit,
946 780 1138 867 Properans
1165 784 1247 847 tuno

209 894 297 958 celer
311 892 353 958 ad
374 891 532 958 horreum
547 893 634 980 quod
650 898 874 962 evacuaverat
890 893 1059 981 erogando
1077 894 1247 961 frumento

209 1008 343 1096 plenum
358 1009 483 1095 reperit
503 1013 538 1077 et
551 1009 744 1096 repletum„

234 1125 295 1190 ln
320 1124 430 1211 prima
455 1125 682 1191 translatione
710 1106 903 1193 sanatorum
929 1129 1119 1213 martyrum
1150 1126 1248 1194 Savi-

211 1240 306 1307 niani
321 1242 355 1307 et
377 1240 574 1307 Potenoiani
592 1241 824 1326 sociorumque
838 1261 954 1307 eorum
968 1240 1061 1311 laeta
1077 1262 1138 1330 per
1153 1241 1248 1310 dom-

148 1373 160 1382 ·
211 1374 291 1420 num
306 1354 534 1433 Wenilonem,
549 1354 774 1422 senonensem
785 1355 1085 1445 arehiepiscopum,
1099 1361 1249 1444 tempore

211 1469 324 1536 domni
345 1469 520 1537 Anastasii
540 1468 684 1554 abbatis,
708 1469 785 1537 dum
814 1490 913 1538 sacra
940 1491 1082 1560 corpora
1101 1475 1250 1561 ipsorum

213 1603 301 1650 anno
314 1583 355 1651 ab
369 1585 605 1653 incarnatione
619 1584 747 1654 Christi
759 1589 1038 1674 octingentesimo
1060 1587 1251 1678 quadrage-

215 1701 298 1767 simo
315 1701 457 1786 septimo
473 1720 494 1766 a
514 1699 733 1788 sarcophagis
747 1701 955 1780 levarentur,
972 1702 1037 1769 due
1051 1692 1308 1790 percussure10'

212 1817 247 1881 in
259 1817 370 1904 capite
382 1816 473 1883 beati
490 1816 663 1884 Saviniani
683 1816 793 1883 adhuc
812 1819 996 1907 sanguinea
1016 1823 1051 1887 et
1075 1820 1172 1906 quasi
1194 1839 1252 1886 re-
1280 1856 1284 1864 ·

213 1935 327 1998 centes
348 1936 578 2019 apparuerunt
599 1936 633 2000 st
655 1933 703 1998 sio
732 1933 804 2019 ipse
827 1937 863 2001 et
891 1934 973 2000 sosii
999 1935 1052 1999 sui
1074 1933 1117 2001 ad
1135 1921 1251 2002 Sancti

212 2046 308 2114 Petri
332 2047 441 2135 majus
467 2048 576 2115 altare
602 2031 778 2116 humiliter
801 2052 882 2116 sunt
909 2049 1082 2127 translati,
1112 2053 1148 2118 et
1170 2053 1252 2118 tuno

212 2181 309 2228 omne
333 2163 577 2230 monasterium
603 2163 660 2244 ita,
679 2162 763 2229 odor
793 2164 1015 2231 suavissimus
1044 2163 1104 2230 illa
1146 2163 1201 2230 die
1217 2168 1253 2232 et

212 2276 304 2343 infra
321 2276 509 2363 quindecim
533 2277 663 2344 dierum
677 2279 791 2365 spania
814 2277 856 2346 ad
877 2280 1012 2366 plenum
1029 2277 1190 2367 perfudit,
1214 2296 1253 2345 ao

213 2393 242 2458 si
265 2390 409 2460 fuissent
438 2395 474 2459 in
510 2413 549 2459 eo
576 2394 686 2460 omnis
705 2395 841 2480 generis
863 2399 1019 2462 aromata
1039 2400 1076 2462 et
1101 2392 1254 2461 balsama

211 2509 381 2576 universa.
398 2507 629 2595 Perfeotisqus
645 2509 847 2597 spontiflee,
864 2510 956 2577 olero
968 2514 1003 2578 et
1018 2509 1192 2577 monachis
1206 2510 1255 2577 vi·

167 2698 172 2708 ¹
212 2623 368 2710 giliarum
385 2624 491 2690 saeris
508 2623 715 2712 sollempniis
730 2626 766 2690 in
777 2624 895 2692 eadem
905 2629 1006 2693 noete
1016 2624 1262 2693 translationis

213 2740 303 2805 eirca
314 2740 556 2808 monasterium
573 2744 608 2808 et
620 2741 731 2828 majus
751 2741 860 2809 altars
879 2759 979 2808 voees
993 2740 1144 2828 angeline
1171 2758 1192 2805 a
1211 2738 1262 2804 fl-·

213 2853 255 2920 de
266 2853 378 2942 dignis
398 2855 651 2943 quampluribus
668 2859 751 2924 sunt
761 2854 890 2934 audite,
903 2859 942 2923 et
955 2854 1001 2920 ibi
1016 2853 1132 2921 eadem
1150 2846 1313 2922 abdo-2⁰2

213 2969 313 3037 mada
333 2969 470 3053 infirmi,
486 2969 624 3055 debiles,
644 2971 725 3050 oeci,
753 2957 864 3038 claudi
888 2974 923 3038 et
944 2969 1065 3036 furiosi
1084 2969 1126 3036 ob
1155 2989 1258 3037 sano·

177 3085 181 3099 '
213 3085 1251 3172 torummeritasanitatemSalvatoriselementisreceperunt.

213 3201 360 3268 Duorum
393 3221 474 3268 vero
507 3199 720 3270 sacerdotum
763 3201 1005 3268 monachorum
1024 3220 1182 3288 ‘corpora
1219 3204 1255 3268 et

212 3321 324 3384 vestes
346 3317 403 3403 qui
421 3335 536 3382 sacras
555 3315 716 3402 reliquias
732 3314 774 3382 de
797 3316 906 3383 looulo
921 3317 1035 3383 levare
1057 3320 1259 3384 mernerunt

212 3431 367 3517 plurimis
389 3429 505 3496 diebus
519 3431 569 3497 ita
592 3428 785 3518 flagrabant
810 3436 848 3499 ut
866 3430 994 3518 perfusi
1013 3430 1115 3498 odore
1136 3435 1254 3499 necta·

213 3565 271 3613 reo
287 3549 500 3633 putarentur.
512 3547 603 3614 Ante
615 3565 696 3613 vero
712 3546 939 3633 predictorum
954 3551 1148 3614 sanatorum
1163 3551 1257 3614 tran·

189 3743 193 3749 .
215 3663 393 3729 stationem
416 3663 451 3728 in
472 3666 546 3730 tota
565 3664 739 3749 provincia
756 3661 918 3755 'defectus
943 3661 1055 3748 pluvie
1069 3665 1104 3728 et
1118 3662 1256 3728 siooitas

215 3799 339 3868 magna
359 3783 445 3858 erat,
466 3778 524 3846 sed
544 3778 598 3846 die
618 3779 857 3847 translationis
871 3775 1044 3844 descendit
1064 3775 1254 3863 pluviarum

216 3893 449 3962 habundantia
462 3895 609 3981 eopiosa.

195 3977 204 4004 ⁹
262 4009 410 4074 Domnus
435 4006 538 4074 abbas
562 4007 694 4075 Samson
714 4010 832 4094 postea
850 4002 897 4087 ob
924 4005 1079 4073 timorem
1106 3999 1305 4090 pagano-iili

219 4141 294 4190 rum
319 4127 513 4191 sanatorum
542 4141 683 4210 corpora
714 4121 940 4189 secretissime
965 4119 1166 4198 tumulavit3
1197 4117 1255 4183 sed
