3180 5012
720 495 931 584 .-³0-

411 757 454 804 DE
478 756 675 814 QUIBUSDAM
698 760 991 808 usvunnrionmcs
1018 763 1062 808 ΕΤ
1085 761 1269 808 maccus

321 873 420 919 clncn
445 873 579 920 ALTARE
602 874 719 920 Fncrls
748 875 785 921 m
809 875 1040 932 SEQUENTIBUS
1064 877 1125 921 xlx
1147 875 1359 922 PARAGRAFIS

733 990 950 1037 CONSCRIPTIS

367 1203 539 1288 Frequens
554 1205 719 1282 visitati0,
737 1209 771 1271 et
785 1205 923 1270 assidua
938 1207 1116 1292 protectio,
1132 1211 1167 1272 et
1179 1206 1360 1273 manifesta

322 1320 500 1398 revelatio,
523 1321 602 1386 huic
620 1325 737 1386 nostro
761 1299 1019 1388 looo'accidisse
1043 1344 1064 1388 a
1086 1323 1280 1388 custodibus
1303 1325 1359 1408 qui

322 1436 481 1501 excubias
504 1437 604 1524 hujus
631 1437 771 1502 ecclesie
795 1437 975 1503 observare
1002 1440 1067 1503 visi
1095 1445 1175 1504 sunt
1199 1445 1370 1518 enarrata
1381 1439 1390 1453 “
1455 1472 1461 1476 -

321 1557 519 1618 noscuntur.
542 1554 745 1619 blnltociens
765 1557 904 1620 etenim
924 1556 1127 1640 intempesta
1146 1557 1256 1621 noctis
1275 1556 1360 1620 bora

322 1667 456 1751 quaudo
473 1670 690 1754 gratissimus
707 1689 808 1755 sopor
824 1671 857 1732 in
873 1669 1069 1734 dormiendo
1090 1669 1176 1737 solet
1197 1690 1360 1756 occupare

322 1785 488 1862 homines,
515 1787 671 1851 exterriti
694 1785 850 1850 custodes
874 1779 909 1852 e't
929 1787 1033 1851 nimio
1053 1787 1175 1852 timore
1189 1787 1292 1851 exciti
1306 1787 1361 1851 ui-

275 1900 313 1964 10
322 1901 507 1992 gilantibns
523 1902 629 1967 oculis
644 1901 739 1987 digni
755 1901 863 1967 habiti
884 1907 964 1967 sunt
980 1922 1119 1966 cernere
1135 1921 1177 1966 ea
1196 1923 1260 1986 que
1274 1914 1361 1966 mor²
1403 1964 1407 1982 ,

321 2017 447 2083 talibus
478 2022 558 2083 sunt
590 2017 770 2083 metuenda
804 2019 1006 2104 perspicere.
1040 2018 1242 2102 Plerumque
1270 2019 1360 2083 enim

321 2155 525 2220 conspexere
542 2134 765 2199 luminaribus
781 2133 1040 2220 preclafissimis
1058 2138 1166 2199 totam
1184 2134 1360 2199 ecclesiam

321 2249 535 2335 resplendere
564 2255 599 2315 et
629 2248 905 2313 innumerabilem
937 2247 1193 2316 candidatorum
1226 2248 1360 2314 turbam

320 2366 497 2449 utriusque
522 2385 623 2429 sexus
646 2387 653 2428 :
674 2367 918 2450 episcoporum,
941 2363 1154 2440 clericorum,
1181 2364 1359 2442 laicorum,

320 2500 500 2566 puerorum
527 2486 562 2546 et
582 2481 770 2566 puellarum
787 2481 894 2545 totius
917 2479 1056 2544 ecclesie
1073 2478 1234 2544 ambitum
1251 2482 1363 2545 conti-

321 2599 407 2661 neri.
425 2597 584 2662 Pluribus
606 2616 749 2680 uamque
765 2594 894 2659 vicibus
916 2595 1036 2680 vigiles
1052 2597 1109 2679 qui
1126 2601 1263 2660 strenue
1280 2614 1364 2659 cura

321 2712 386 2776 sibi
397 2713 576 2777 commissa
588 2710 761 2797 uigilando
773 2710 979 2776 excubantes
998 2711 1061 2776 boc
1079 2710 1274 2775 suburbium
1299 2697 1371 2774 nol

321 2833 431 2895 strum
455 2827 636 2892 observare
651 2826 693 2890 ab
717 2828 846 2911 ignium
858 2825 1019 2912 periculis
1031 2836 1103 2891 eta
1121 2826 1292 2892 latronum
1314 2827 1363 2889 in·
1441 2861 1446 2867 -

321 2945 416 3009 sidiis
436 2946 540 3030 positi
562 2946 748 3008 noscuntur
770 2961 844 3006 cum
865 2942 1011 3007 clamore
1030 2941 1144 3007 ualido
1164 2941 1283 3006 limina
1306 2963 1362 3007 eo-

273 3061 423 3126 20clesie
442 3060 577 3146 pulsare
599 3066 635 3125 et
656 3059 862 3144 increpative
880 3057 1013 3122 edituos
1033 3056 1298 3142 perterrefacere
1313 3059 1363 3123 ita

321 3175 463 3241 dicendo
486 3177 646 3241 visisunt
667 3175 918 3250 accurrissent
933 3172 1033 3258 quid:
1057 3173 1202 3258 Sompno
1221 3173 1362 3238 nimium

321 3293 517 3377 pregravati
539 3290 695 3356 dormitis
713 3291 792 3354 vino
815 3294 851 3354 et
875 3308 993 3373 sopore
1013 3290 1191 3374 oppressi;
1218 3291 1359 3374 surgite,

322 3410 453 3494 surgite
468 3427 568 3492 quam
587 3406 749 3483 velociuS,
759 3425 856 3490 opem
874 3402 960 3468 ferte
977 3405 1085 3468 sacris
1101 3403 1313 3468 liminaribus
1328 3416 1363 3470 et

322 3526 429 3589 sacris
444 3531 638 3590 sauctorum
649 3522 866 3608 pignoribus;
884 3542 975 3597 uam,
989 3534 1028 3586 ut
1042 3521 1140 3586 nobis
1154 3521 1365 3588 manifestis-

322 3639 554 3716 simevidetur,
567 3644 642 3704 tota
653 3637 795 3702 ecclesia
806 3657 827 3701 a
841 3657 971 3702 summo
984 3636 1143 3721 usquead
1154 3657 1236 3722 yma
1246 3636 1364 3702 funda-

321 3757 427 3823 menti
443 3757 561 3822 colesti
586 3757 665 3842 igne
683 3753 833 3819 comburi
853 3753 997 3819 videtur.
1018 3751 1102 3817 Cum
1119 3754 1264 3838 strepitu
1280 3773 1362 3838 ergo

319 3874 455 3958 pavoris
490 3871 654 3937 iratribus
683 3891 705 3935 a
732 3876 845 3936 stratu
876 3890 937 3935 suo
969 3867 1187 3953 surgentibus
1213 3871 1362 3934 visiones

321 4009 421 4073 quam
449 3987 566 4053 crebre
594 3987 790 4072 disparuere
815 3991 848 4051 et
874 3986 1003 4070 ignium
1031 3983 1190 4068 splendor
1217 3984 1362 4069 quodam

322 4104 420 4170 modo
433 4105 499 4168 biis
512 4105 717 4170 intrinsecus
731 4115 764 4168 et
777 4101 845 4167 illis
860 4099 1019 4186 vigilibus
1032 4102 1184 4167 exterius
1197 4101 1361 4186 paulatim
