3168 5012
758 473 886 544 -202
906 508 950 525 -

379 623 445 689 Pro
458 621 554 688 domo
565 642 627 708 que
637 620 702 688 fuit
711 620 847 688 Rabade
859 624 892 687 et
901 619 1002 698 Folis,
1015 619 1045 686 lo
1057 619 1283 706 charpantion,
1292 621 1324 687 vi
1333 619 1365 686 d.

365 741 480 803 Thomas,
497 739 516 786 li
530 739 646 788 ssouiors.

378 832 445 896 Pro
460 829 557 896 domo
574 830 750 906 Thierrioi,
769 828 936 907 bucherii,
954 828 1027 893 xxii
1044 827 1077 893 d.

364 946 511 995 Guiilelmus
524 946 554 993 do
568 945 634 995 neci.

378 1032 445 1098 Pro
462 1031 600 1099 castello
616 1031 713 1109 Fam,
731 1031 755 1094 ii
772 1029 804 1096 d.

363 1152 422 1198 Item
442 1150 506 1196 idem
524 1148 682 1198 Guillolmus.

375 1241 442 1305 Pro
459 1238 556 1304 domo
577 1238 617 1304 de
638 1237 807 1315 Tornella,
824 1233 889 1310 ,viii
907 1235 940 1302 d.
961 1235 1002 1302 ob
1023 1233 1079 1323 (1).

362 1357 486 1404 iohannes
498 1355 528 1402 ds
539 1356 655 1414 Longros.

362 1447 472 1492 Jacoous
487 1446 594 1492 Juoeaia
614 1443 659 1506 (2).

375 1535 441 1600 Pro
456 1535 553 1600 domo
569 1555 632 1620 que
647 1532 711 1600 fuit
724 1537 744 1598 a
759 1533 793 1598 la
809 1532 1011 1610 Piohonaie‚
1027 1532 1065 1596 iii
1081 1530 1113 1596 d.

363 1650 475 1710 Magister
489 1651 615 1697 Johannos
631 1651 702 1698 Petit.

376 1741 443 1806 Pro
464 1759 597 1807 camora
611 1741 713 1828 juxta
728 1741 929 1827 magistrum
947 1740 1111 1816 iocatum,
1129 1737 1178 1801 iiii
1195 1736 1228 1802 d.

364 1855 426 1902 Filio
443 1856 557 1904 defuncte
571 1856 655 1913 Mario,
674 1856 698 1903 la
712 1855 907 1914 parcheminiore
926 1853 971 1915 (3).

373 2062 441 2128 Pro
455 2061 554 2128 vinea
569 2060 609 2125 de
622 2059 742 2126 Gravis
759 2081 821 2146 quo
838 2060 903 2128 fuit
917 2060 1064 2139 Andros,
1082 2059 1241 2140 barberii,
1259 2060 1282 2124 ii
1296 2059 1329 2126 d.

362 2177 505 2225 Dominicus
521 2177 621 2224 Divitis.

375 2269 441 2333 Pro
469 2267 641 2334 terradas
671 2269 841 2333 Molliores
870 2266 956 2353 apud
981 2265 1236 2334 Mallinietum?
1263 2244 1312 2330 iiii
1333 2265 1365 2330 d.

359 2383 513 2431 Thoohaldus
526 2385 639 2444 Regnart.
661 2407 689 2418 ·
705 2386 835 2431 „iohannes
851 2395 897 2428 aas
912 2384 976 2429 Auz.
991 2383 1044 2442 hias
1060 2385 1095 2428 56.

373 2474 479 2538 lodie
491 2475 714 2540 Emaltoiioois
731 2471 988 2539 Sancte-Crucis
1002 2473 1285 2538 conventosdobei
1302 2475 1365 2538 vd.

329 2591 377 2655 oh.
395 2595 512 2672 oehieri
526 2589 697 2674 Symonis·
721 2592 760 2654 de
776 2592 874 2668 Aulo,
896 2609 958 2673 pro
982 2590 1155 2654 Theoboldo
1177 2590 1265 2654 dioto
1282 2589 1368 2653 l'Es-

331 2711 424 2772 coiea
443 2704 499 2795 (5).
903 2797 905 2800 Ι

374 2823 441 2888 Pro
461 2827 605 2908 quatuor
625 2823 766 2888 carnonis
783 2840 865 2907 quas
886 2825 980 2888 tenet
1000 2823 1199 2898 conventus,
1216 2841 1239 2885 x
1259 2819 1291 2885 d.
1314 2819 1366 2886 ob.

363 2939 504 2986 Conventus
520 2937 561 2999 (6).

360 3074 394 3136 (1)
410 3076 445 3122 En
459 3089 551 3136 margo,
562 3078 621 3122 cette
633 3078 689 3122 noia
704 3076 737 3122 du
750 3073 823 3121 sihcle
835 3073 948 3120 dernier:
964 3073 997 3118 Lo
1010 3075 1102 3130 colione
1114 3076 1158 3119 dos
1169 3075 1245 3129 poros
1261 3073 1371 3118 Josuites

331 3167 473 3220 amaseni.
492 3164 583 3210 L'hotol
601 3164 644 3210 dos
660 3164 803 3211 Tournollos
819 3163 856 3210 sui
873 3164 930 3210 codo
947 3163 962 3208 ‘a
979 3162 1002 3208 ia
1019 3162 1079 3208 ville
1101 3163 1130 3208 do
1147 3163 1207 3208 Sans
1221 3174 1252 3207 en
1270 3161 1328 3208 1576
1348 3163 1371 3206 et

329 3253 414 3300 devint
429 3253 511 3301 l'hotol
530 3254 559 3300 do
578 3254 645 3300 villo.
664 3255 699 3301 En
720 3255 794 3309 1623,
811 3253 835 3299 la
852 3252 911 3299 villo
934 3251 1101 3302 l'absndonna
1122 3265 1172 3301 aux
1189 3251 1215 3296 R.
1230 3252 1255 3296 P.
1266 3251 1371 3296 iasuites

329 3356 390 3402 pour
407 3357 423 3402 y
440 3347 586 3402 transportm
595 3356 639 3390 son
650 3344 751 3403 oohogo.
761 3343 974 3402 L'omplaoamont‚
987 3341 1056 3400 apros
1069 3342 1133 3388 servi
1146 3341 1177 3388 ds
1190 3353 1291 3388 casorno
1303 3347 1326 3387 et
1339 3341 1369 3387 do

327 3433 506 3494 manufactum,
517 3437 553 3480 est
569 3433 727 3491 aujourd'hni
741 3435 831 3492 occupo
849 3445 892 3492 par
904 3433 926 3478 le
938 3432 1021 3478 Grand
1034 3430 1179 3478 Saminairo.
1207 3435 1210 3442 '
1273 3447 1274 3450 ¹

358 3521 390 3584 (2)
402 3523 433 3570 Le
449 3537 497 3571 ms.
511 3525 539 3570 56
551 3523 631 3580 ajouto
644 3523 693 3570 ici:
713 3525 811 3568 Romani
827 3523 923 3568 Villon.
1251 3497 1257 3518 ⁵

358 3609 392 3671 (3)
408 3613 428 3658 h
442 3614 501 3658 cetto
515 3611 591 3673 ligno,
604 3611 648 3670 qui
659 3613 694 3658 ost
716 3613 805 3670 gratiss
823 3611 885 3658 dans
901 3610 924 3656 lo
940 3623 978 3657 ms
994 3611 1038 3665 56,
1057 3609 1081 3655 la
1107 3609 1235 3656 mention:
1249 3612 1368 3658 Johanna

330 3703 353 3746 la
363 3701 439 3758 Haila,
456 3702 509 3758 filia
521 3702 609 3760 Morio,
626 3703 650 3747 la
659 3702 871 3758 parcheminiore.

358 3789 391 3852 (6)
407 3790 438 3838 Lo
447 3803 493 3837 ms.
504 3792 532 3838 56
541 3794 608 3850 porte
618 3803 650 3837 au
660 3789 711 3838 lieu
722 3790 751 3837 do
762 3787 939 3838 cottoaddition
951 3809 955 3836 :
970 3789 1120 3845 Capelianus
1131 3789 1228 3836 domini
1240 3770 1373 3836 Gm'llolmi

327 3881 358 3925 de
371 3881 470 3926 Plaseio
484 3880 501 3925 ii
515 3893 537 3926 s.
546 3893 604 3936 par.

356 3966 389 4028 (5)
407 3969 439 4015 Lo
454 3980 500 4014 ms.
518 3970 544 4016 56
560 3968 640 4026 aiouto
655 3981 687 4015 sn
701 3981 783 4030 grosso
797 3969 931 4028 gothiquo:
954 3968 1059 4016 Thomas
1072 3969 1135 4016 Tirri
1151 3971 1192 4018 ob.
1208 3995 1237 4006 -
1252 3971 1368 4019 Hernaui

327 4059 412 4106 Theeis
426 4058 462 4104 iiii
475 4059 500 4104 d.
511 4084 541 4092 —
554 4059 668 4116 Thomas,
677 4059 700 4106 lo
712 4059 807 4113 harbon,
824 4059 851 4105 iii
866 4060 905 4105 oh.
917 4084 947 4094 -
959 4059 1047 4121 hohan,
1062 4061 1101 4107 dii,
1111 4060 1133 4107 la
1147 4061 1229 4118 Bolos,
1246 4061 1265 4108 ii
1279 4062 1305 4108 d.

362 4145 396 4209 (6)
414 4148 449 4194 En
464 4148 507 4195 bas
519 4148 548 4195 de
557 4152 616 4196 cotto
631 4162 693 4208 pago
710 4146 790 4200 du'his
802 4150 829 4194 56
843 4161 848 4194 :
865 4150 1003 4196 Gamaohea
1015 4163 1029 4194 a
1041 4150 1090 4211 (ert
1101 4153 1160 4201 ceci,
