3164 5016
658 531 831 596 ..71-

224 669 297 755 dus,
317 675 460 742 Francio
478 677 615 755 tercius,
636 675 784 743 Torohot
802 678 954 763 quartus.
978 675 1102 742 Postea
1123 674 1184 740 sub
1202 674 1265 742 du-

225 791 317 859 cibus
339 812 479 880 regnum
502 793 710 859 Francorum
736 789 802 859 fuit
827 810 931 878 usque
956 789 998 857 ad
1025 791 1262 858 Marcomirem

223 927 336 995 regem
358 908 523 995 quintum,
548 908 604 994 qui
627 911 726 994 pater
748 905 813 974 fuit
832 905 1035 973 Faramondi
1059 905 1261 973 nobilissimi

223 1026 313 1112 regis
338 1023 380 1090 de
407 1009 512 1111 stirpe
534 1025 682 1092 Priami.
714 1023 779 1090 Hic
806 1022 1040 1089 Faramundus
1069 1021 1263 1089 Clodionem

221 1160 333 1227 regem
343 1141 471 1227 genuit,
486 1138 600 1206 Clodio
609 1139 813 1221 Meroveum‚
829 1139 1005 1206 Meroveus
1017 1137 1261 1226 chilpericum,

221 1255 427 1342 chilpericus
441 1254 655 1335 clodoveum,
672 1256 815 1342 primum
830 1253 1053 1338 christianum
1066 1275 1110 1320 ex
1125 1254 1262 1344 regibus

213 1373 426 1440 'Francorum
438 1392 459 1438 a
471 1371 569 1440 beato
583 1372 736 1460 Remigio
750 1372 969 1458 baptizatum.
984 1371 1170 1439 Clodoueus
1182 1392 1262 1439 vero

220 1486 523 1555 christianissimus
534 1493 677 1578 quatuor
693 1487 812 1554 habuit
824 1485 912 1553 filios
923 1485 1163 1554 Theodericum
1172 1486 1275 1554 uide.

220 1602 311 1681 licet,
328 1602 817 1691 Clodomirum,lGhidebertum
831 1607 866 1671 et
878 1603 1076 1682 motorium,
1090 1601 1260 1690 filiamque

220 1717 510 1786 Theodechildem.
521 1720 655 1785 nomine
669 1739 732 1805 que
747 1717 838 1785 infra
851 1738 957 1785 annos
968 1719 1114 1806 pueriles
1128 1719 1258 1786 consti·
1273 1715 1311 1809 10

219 1838 294 1902 tuta
313 1837 416 1900 Deum
430 1836 538 1902 colere
555 1835 685 1903 studuit
697 1839 732 1902 et
747 1855 875 1902 amare.
892 1835 1020 1902 Videns
1037 1838 1148 1903 autem
1163 1841 1260 1922 pater

219 1955 352 2018 tantum
380 1970 527 2017 amorem
556 1953 615 2019 Dei
642 1953 678 2017 in
704 1952 812 2038 puelle
839 1953 952 2017 animo
982 1972 1145 2031 crescere,
1172 1954 1260 2039 cepit

219 2087 292 2134 eam
307 2067 449 2154 amplius
462 2067 620 2134 adamare
636 2073 670 2136 et
685 2067 727 2134 ad
742 2068 952 2155 virginitatis
967 2067 1068 2135 decus
1081 2059 1259 2154 observan-¹

219 2183 297 2250 dum
317 2182 484 2271 frequenti
499 2185 712 2251 exortatione
731 2190 872 2271 paterna
889 2183 1066 2272 diligentia
1085 2190 1254 2253 exortare.

218 2300 287 2374 Que
304 2299 573 2387 obtemperanter
585 2299 767 2366 obaudiens
782 2281 974 2383 voluntarie
990 2321 1025 2366 se
1042 2303 1100 2368 Dei
1115 2303 1257 2370 servicio

219 2422 333 2484 votum
353 2417 523 2484 castitatis
545 2416 697 2482 faciendo
718 2419 805 2505 oepit
829 2417 991 2504 ampliare
1020 2395 1054 2486 et
1073 2417 1116 2483 ad
1140 2439 1258 2484 cumu—
1285 2501 1286 2506 ἵ

218 2531 287 2598 lum
304 2552 362 2598 sue
382 2530 599 2619 perfectionis
618 2534 846 2600 misericordie
870 2534 1025 2622 operibus
1045 2535 1205 2602 insistere
1223 2540 1260 2603 et

217 2669 399 2736 pauperum
429 2649 669 2716 misericordiis
703 2649 874 2717 insudare.
904 2652 1008 2718 Pater
1036 2671 1116 2718 vero
1148 2652 1257 2738 ipsius

219 2765 327 2852 puelle
341 2765 436 2832 bonis
455 2765 612 2852 operibus
641 2765 826 2834 delectatus
847 2765 940 2834 dedit
959 2766 990 2833 ei
1010 2768 1253 2853 possessiones,

218 2881 420 2968 promittens
436 2881 600 2968 ampliora
615 2883 644 2947 si
656 2882 1103 2969 inceptisperseverantiam
1119 2882 1242 2949 exhibe
1267 2885 1305 2949 20
1369 2881 1372 2886 ’

218 3002 284 3065 ret.
309 2997 384 3063 Hiis
414 2997 510 3064 bonis
530 2996 684 3083 operibus
709 3016 929 3084 perseverans
956 2997 1110 3084 predicta
1136 3003 1255 3066 sancta

122 3199 133 3212 ἱ
217 3105 472 3178 Theodechildis
491 3112 665 3179 voluntate
688 3113 795 3199 patris
820 3113 871 3178 sui
895 3115 985 3200 cepit
1007 3113 1163 3180 edificare
1181 3134 1254 3181 mo-

218 3230 402 3297 nasterium
416 3229 531 3296 Sancti
551 3229 646 3296 Petri
663 3230 698 3296 in
717 3230 791 3295 vico
807 3230 862 3316 qui
881 3230 987 3296 Vivus
1010 3229 1146 3309 dicitur,
1168 3230 1254 3318 quod

217 3343 370 3431 perfecit,
410 3345 550 3411 Domino
588 3343 802 3422 concedente,
848 3344 1036 3432 ibidemque
1072 3349 1255 3416 monachos

218 3461 368 3528 instituit
391 3461 448 3546 qui
467 3462 534 3528 Deo
555 3459 765 3528 deservirent
786 3461 928 3528 vivendo
953 3461 1014 3527 sub
1034 3461 1166 3530 abbatis
1190 3465 1256 3532 im-

217 3577 310 3662 perio
334 3576 515 3644 secundum
543 3595 695 3644 normam
721 3577 950 3645 Leuxouensis
977 3579 1174 3644 monasterii
1198 3599 1255 3646 re-

216 3692 380 3780 gularem.
1128 3699 1134 3709 '

456 3946 499 3995 DE
522 3944 653 3994 BASOLO·
671 3945 758 3994 DUGE
780 3945 824 3994 ET
848 3944 1008 3995 blondello
1107 3967 1110 3973 Δ

257 4162 439 4240 Debellatis
454 4129 567 4241 autem
579 4163 763 4237 Clodoveus
778 4169 876 4265 pater
895 4169 1010 4240 sancte
1029 4164 1251 4246 Theodechil·
