<?xml version="1.0" encoding="UTF-8"?>
<!DOCTYPE html PUBLIC "-//W3C//DTD XHTML 1.0 Transitional//EN"
    "http://www.w3.org/TR/xhtml1/DTD/xhtml1-transitional.dtd">
<html xmlns="http://www.w3.org/1999/xhtml" xml:lang="en" lang="en">
 <head>
  <title>
</title>
<meta http-equiv="Content-Type" content="text/html;charset=utf-8" />
  <meta name='ocr-system' content='tesseract 3.04.00' />
  <meta name='ocr-capabilities' content='ocr_page ocr_carea ocr_par ocr_line ocrx_word'/>
</head>
<body>
  <div class='ocr_page' id='page_1' title='image "./lelivredesreliq00prougoog_0091.png"; bbox 0 0 3180 5012; ppageno 0'>
   <div class='ocr_carea' id='block_1_1' title="bbox 193 523 1349 2713">
    <p class='ocr_par' dir='ltr' id='par_1_1' title="bbox 737 523 914 590">
     <span class='ocr_line' id='line_1_1' title="bbox 737 523 914 590; baseline 0 -14"><span class='ocrx_word' id='word_1_1' title='bbox 737 557 781 576; x_wconf 89' lang='lat'>..</span> <span class='ocrx_word' id='word_1_2' title='bbox 802 523 847 590; x_wconf 84' lang='lat'>54</span> <span class='ocrx_word' id='word_1_3' title='bbox 870 557 914 576; x_wconf 83' lang='grc'>.-</span> 
     </span>
    </p>

    <p class='ocr_par' dir='ltr' id='par_1_2' title="bbox 193 666 1349 2599">
     <span class='ocr_line' id='line_1_2' title="bbox 301 666 1345 756; baseline -0.001 -20"><span class='ocrx_word' id='word_1_4' title='bbox 301 669 373 756; x_wconf 91' lang='lat' dir='ltr'>jam</span> <span class='ocrx_word' id='word_1_5' title='bbox 385 667 583 750; x_wconf 81' lang='lat' dir='ltr'>transactis,</span> <span class='ocrx_word' id='word_1_6' title='bbox 594 666 637 735; x_wconf 90' lang='lat' dir='ltr'>ad</span> <span class='ocrx_word' id='word_1_7' title='bbox 648 667 902 754; x_wconf 80' lang='lat' dir='ltr'><strong>requisitionem</strong></span> <span class='ocrx_word' id='word_1_8' title='bbox 917 671 952 734; x_wconf 83' lang='lat' dir='ltr'>et</span> <span class='ocrx_word' id='word_1_9' title='bbox 965 666 1241 753; x_wconf 79' lang='lat' dir='ltr'>supplicationem</span> <span class='ocrx_word' id='word_1_10' title='bbox 1260 667 1345 735; x_wconf 87' lang='lat' dir='ltr'>bone</span> 
     </span>
     <span class='ocr_line' id='line_1_3' title="bbox 305 781 1343 876; baseline -0.004 -26"><span class='ocrx_word' id='word_1_11' title='bbox 305 784 465 851; x_wconf 89' lang='lat' dir='ltr'>memorie</span> <span class='ocrx_word' id='word_1_12' title='bbox 485 781 598 848; x_wconf 89' lang='lat' dir='ltr'>domni</span> <span class='ocrx_word' id='word_1_13' title='bbox 618 782 771 870; x_wconf 83' lang='lat' dir='ltr'>Hugonis</span> <span class='ocrx_word' id='word_1_14' title='bbox 795 781 928 876; x_wconf 85' lang='lat' dir='ltr'>abbatis</span> <span class='ocrx_word' id='word_1_15' title='bbox 951 782 1122 867; x_wconf 83' lang='lat' dir='ltr'>totiusque</span> <span class='ocrx_word' id='word_1_16' title='bbox 1146 785 1343 860; x_wconf 86' lang='lat' dir='ltr'>conventus,</span> 
     </span>
     <span class='ocr_line' id='line_1_4' title="bbox 306 894 1345 984; baseline -0.003 -21"><span class='ocrx_word' id='word_1_17' title='bbox 306 915 426 983; x_wconf 88' lang='lat' dir='ltr'>corpus</span> <span class='ocrx_word' id='word_1_18' title='bbox 445 895 589 983; x_wconf 83' lang='lat' dir='ltr'>predicti</span> <span class='ocrx_word' id='word_1_19' title='bbox 609 897 773 984; x_wconf 86' lang='lat' dir='ltr'>martyris</span> <span class='ocrx_word' id='word_1_20' title='bbox 795 915 869 962; x_wconf 92' lang='lat' dir='ltr'>cum</span> <span class='ocrx_word' id='word_1_21' title='bbox 892 915 1030 981; x_wconf 89' lang='lat' dir='ltr'>corpore</span> <span class='ocrx_word' id='word_1_22' title='bbox 1048 894 1139 963; x_wconf 89' lang='lat' dir='ltr'>beati</span> <span class='ocrx_word' id='word_1_23' title='bbox 1153 895 1262 962; x_wconf 84' lang='lat' dir='ltr'><strong>Altini</strong></span> <span class='ocrx_word' id='word_1_24' title='bbox 1284 916 1345 982; x_wconf 90' lang='lat' dir='ltr'>per</span> 
     </span>
     <span class='ocr_line' id='line_1_5' title="bbox 307 1008 1345 1099; baseline 0 -22"><span class='ocrx_word' id='word_1_25' title='bbox 307 1013 492 1098; x_wconf 82' lang='lat' dir='ltr'>sapientem</span> <span class='ocrx_word' id='word_1_26' title='bbox 508 1012 618 1078; x_wconf 86' lang='lat' dir='ltr'>virum</span> <span class='ocrx_word' id='word_1_27' title='bbox 633 1012 834 1099; x_wconf 88' lang='lat' dir='ltr'>magistrum</span> <span class='ocrx_word' id='word_1_28' title='bbox 854 1013 994 1078; x_wconf 88' lang='lat' dir='ltr'>Petrum</span> <span class='ocrx_word' id='word_1_29' title='bbox 1006 1008 1048 1076; x_wconf 89' lang='lat' dir='ltr'>de</span> <span class='ocrx_word' id='word_1_30' title='bbox 1065 1009 1247 1090; x_wconf 82' lang='lat' dir='ltr'>(lorbollio,</span> <span class='ocrx_word' id='word_1_31' title='bbox 1263 1014 1345 1078; x_wconf 90' lang='lat' dir='ltr'>tunc</span> 
     </span>
     <span class='ocr_line' id='line_1_6' title="bbox 305 1109 1345 1213; baseline -0.004 -19"><span class='ocrx_word' id='word_1_32' title='bbox 305 1127 531 1194; x_wconf 88' lang='lat' dir='ltr'>Senonensem</span> <span class='ocrx_word' id='word_1_33' title='bbox 546 1126 846 1213; x_wconf 87' lang='lat' dir='ltr'>archiepiscopum,</span> <span class='ocrx_word' id='word_1_34' title='bbox 865 1109 1049 1192; x_wconf 86' lang='lat' dir='ltr'>honorilice</span> <span class='ocrx_word' id='word_1_35' title='bbox 1058 1125 1204 1211; x_wconf 90' lang='lat' dir='ltr'>positum</span> <span class='ocrx_word' id='word_1_36' title='bbox 1221 1125 1287 1194; x_wconf 88' lang='lat' dir='ltr'>fuit</span> <span class='ocrx_word' id='word_1_37' title='bbox 1310 1127 1345 1191; x_wconf 93' lang='lat' dir='ltr'>in</span> 
     </span>
     <span class='ocr_line' id='line_1_7' title="bbox 305 1238 1346 1330; baseline -0.002 -20"><span class='ocrx_word' id='word_1_38' title='bbox 305 1262 440 1330; x_wconf 83' lang='lat' dir='ltr'>capsam</span> <span class='ocrx_word' id='word_1_39' title='bbox 463 1246 673 1329; x_wconf 84' lang='lat' dir='ltr'>argenteam.</span> <span class='ocrx_word' id='word_1_40' title='bbox 704 1240 812 1308; x_wconf 85' lang='lat' dir='ltr'>Affuit</span> <span class='ocrx_word' id='word_1_41' title='bbox 838 1261 918 1308; x_wconf 83' lang='lat' dir='ltr'>vero</span> <span class='ocrx_word' id='word_1_42' title='bbox 942 1260 1016 1307; x_wconf 91' lang='lat' dir='ltr'>cum</span> <span class='ocrx_word' id='word_1_43' title='bbox 1035 1238 1185 1326; x_wconf 89' lang='lat' dir='ltr'>predicto</span> <span class='ocrx_word' id='word_1_44' title='bbox 1211 1241 1346 1308; x_wconf 84' lang='lat' dir='ltr'>archie-</span> 
     </span>
     <span class='ocr_line' id='line_1_8' title="bbox 304 1356 1348 1446; baseline 0 -22"><span class='ocrx_word' id='word_1_45' title='bbox 304 1361 440 1446; x_wconf 91' lang='lat' dir='ltr'>piscopo</span> <span class='ocrx_word' id='word_1_46' title='bbox 464 1359 518 1426; x_wconf 80' lang='lat' dir='ltr'>uir</span> <span class='ocrx_word' id='word_1_47' title='bbox 532 1358 679 1444; x_wconf 87' lang='lat' dir='ltr'>prudens</span> <span class='ocrx_word' id='word_1_48' title='bbox 706 1359 882 1424; x_wconf 89' lang='lat' dir='ltr'>Trecensis</span> <span class='ocrx_word' id='word_1_49' title='bbox 906 1359 1081 1444; x_wconf 88' lang='lat' dir='ltr'>episcopus</span> <span class='ocrx_word' id='word_1_50' title='bbox 1098 1377 1173 1422; x_wconf 90' lang='lat' dir='ltr'>cum</span> <span class='ocrx_word' id='word_1_51' title='bbox 1190 1356 1348 1430; x_wconf 88' lang='lat' dir='ltr'>multitu-</span> 
     </span>
     <span class='ocr_line' id='line_1_9' title="bbox 305 1472 1347 1560; baseline -0.001 -22"><span class='ocrx_word' id='word_1_52' title='bbox 305 1473 383 1539; x_wconf 87' lang='lat' dir='ltr'>dine</span> <span class='ocrx_word' id='word_1_53' title='bbox 400 1472 675 1560; x_wconf 86' lang='lat' dir='ltr'>presbiterorum,</span> <span class='ocrx_word' id='word_1_54' title='bbox 688 1473 898 1551; x_wconf 87' lang='lat' dir='ltr'>clericorum,</span> <span class='ocrx_word' id='word_1_55' title='bbox 913 1473 1153 1538; x_wconf 85' lang='lat' dir='ltr'>monachorum</span> <span class='ocrx_word' id='word_1_56' title='bbox 1168 1491 1208 1536; x_wconf 90' lang='lat' dir='ltr'>ac</span> <span class='ocrx_word' id='word_1_57' title='bbox 1221 1472 1347 1538; x_wconf 85' lang='lat' dir='ltr'>utrius·</span> 
     </span>
     <span class='ocr_line' id='line_1_10' title="bbox 306 1586 1349 1676; baseline -0.004 -20"><span class='ocrx_word' id='word_1_58' title='bbox 306 1611 369 1676; x_wconf 88' lang='lat' dir='ltr'>que</span> <span class='ocrx_word' id='word_1_59' title='bbox 390 1610 491 1656; x_wconf 85' lang='lat' dir='ltr'>sexus</span> <span class='ocrx_word' id='word_1_60' title='bbox 512 1589 697 1656; x_wconf 88' lang='lat' dir='ltr'>hominum.</span> <span class='ocrx_word' id='word_1_61' title='bbox 725 1589 772 1656; x_wconf 82' lang='lat' dir='ltr'>nt</span> <span class='ocrx_word' id='word_1_62' title='bbox 789 1592 962 1655; x_wconf 88' lang='lat' dir='ltr'>ostensum</span> <span class='ocrx_word' id='word_1_63' title='bbox 983 1586 1048 1653; x_wconf 86' lang='lat' dir='ltr'>fuit</span> <span class='ocrx_word' id='word_1_64' title='bbox 1070 1586 1256 1672; x_wconf 86' lang='lat' dir='ltr'>predictum</span> <span class='ocrx_word' id='word_1_65' title='bbox 1278 1608 1349 1654; x_wconf 90' lang='lat' dir='ltr'>cor-</span> 
     </span>
     <span class='ocr_line' id='line_1_11' title="bbox 259 1701 1348 1794; baseline -0.009 -16"><span class='ocrx_word' id='word_1_66' title='bbox 259 1713 368 1794; x_wconf 80' lang='lat' dir='ltr'>lbpus</span> <span class='ocrx_word' id='word_1_67' title='bbox 384 1706 495 1773; x_wconf 82' lang='lat' dir='ltr'>sancii</span> <span class='ocrx_word' id='word_1_68' title='bbox 520 1705 720 1773; x_wconf 83' lang='lat' dir='ltr'>Potenciani</span> <span class='ocrx_word' id='word_1_69' title='bbox 741 1724 842 1790; x_wconf 90' lang='lat' dir='ltr'>super</span> <span class='ocrx_word' id='word_1_70' title='bbox 861 1707 994 1791; x_wconf 87' lang='lat' dir='ltr'>portam</span> <span class='ocrx_word' id='word_1_71' title='bbox 1015 1701 1152 1769; x_wconf 86' lang='lat' dir='ltr'>abbacie</span> <span class='ocrx_word' id='word_1_72' title='bbox 1174 1706 1209 1768; x_wconf 88' lang='lat' dir='ltr'>et</span> <span class='ocrx_word' id='word_1_73' title='bbox 1230 1702 1267 1766; x_wconf 90' lang='lat' dir='ltr'>in</span> <span class='ocrx_word' id='word_1_74' title='bbox 1291 1723 1348 1768; x_wconf 92' lang='lat' dir='ltr'>ec-</span> 
     </span>
     <span class='ocr_line' id='line_1_12' title="bbox 307 1815 1345 1906; baseline -0.003 -20"><span class='ocrx_word' id='word_1_75' title='bbox 307 1820 410 1888; x_wconf 88' lang='lat' dir='ltr'>clesia</span> <span class='ocrx_word' id='word_1_76' title='bbox 430 1840 506 1888; x_wconf 93' lang='lat' dir='ltr'>cum</span> <span class='ocrx_word' id='word_1_77' title='bbox 521 1821 649 1888; x_wconf 88' lang='lat' dir='ltr'>litteris</span> <span class='ocrx_word' id='word_1_78' title='bbox 662 1819 782 1906; x_wconf 89' lang='lat' dir='ltr'>quibus</span> <span class='ocrx_word' id='word_1_79' title='bbox 794 1818 877 1885; x_wconf 89' lang='lat' dir='ltr'>fides</span> <span class='ocrx_word' id='word_1_80' title='bbox 890 1823 965 1886; x_wconf 90' lang='lat' dir='ltr'>erat</span> <span class='ocrx_word' id='word_1_81' title='bbox 975 1817 1130 1885; x_wconf 83' lang='lat' dir='ltr'>totaliter</span> <span class='ocrx_word' id='word_1_82' title='bbox 1144 1815 1345 1898; x_wconf 86' lang='lat' dir='ltr'>adhibenda;</span> 
     </span>
     <span class='ocr_line' id='line_1_13' title="bbox 306 1931 1346 2022; baseline -0.003 -20"><span class='ocrx_word' id='word_1_83' title='bbox 306 1937 385 2022; x_wconf 90' lang='lat' dir='ltr'>quia</span> <span class='ocrx_word' id='word_1_84' title='bbox 405 1934 681 2004; x_wconf 87' lang='lat' dir='ltr'>sanctimoniales</span> <span class='ocrx_word' id='word_1_85' title='bbox 700 1935 741 2000; x_wconf 88' lang='lat' dir='ltr'>de</span> <span class='ocrx_word' id='word_1_86' title='bbox 754 1936 852 2001; x_wconf 84' lang='lat' dir='ltr'>lotro</span> <span class='ocrx_word' id='word_1_87' title='bbox 867 1933 1024 1999; x_wconf 86' lang='lat' dir='ltr'>dicebant</span> <span class='ocrx_word' id='word_1_88' title='bbox 1039 1931 1122 1998; x_wconf 93' lang='lat' dir='ltr'>illud</span> <span class='ocrx_word' id='word_1_89' title='bbox 1144 1933 1180 1996; x_wconf 92' lang='lat' dir='ltr'>in</span> <span class='ocrx_word' id='word_1_90' title='bbox 1196 1952 1256 1998; x_wconf 90' lang='lat' dir='ltr'>suc</span> <span class='ocrx_word' id='word_1_91' title='bbox 1273 1952 1346 1999; x_wconf 93' lang='lat' dir='ltr'>mo-</span> 
     </span>
     <span class='ocr_line' id='line_1_14' title="bbox 304 2047 1347 2134; baseline -0.004 -16"><span class='ocrx_word' id='word_1_92' title='bbox 304 2053 456 2120; x_wconf 87' lang='lat' dir='ltr'>nasterio</span> <span class='ocrx_word' id='word_1_93' title='bbox 470 2053 677 2130; x_wconf 83' lang='lat' dir='ltr'>conservari,</span> <span class='ocrx_word' id='word_1_94' title='bbox 700 2051 812 2116; x_wconf 89' lang='lat' dir='ltr'>sedin</span> <span class='ocrx_word' id='word_1_95' title='bbox 835 2050 895 2116; x_wconf 86' lang='lat' dir='ltr'>illa</span> <span class='ocrx_word' id='word_1_96' title='bbox 914 2049 968 2114; x_wconf 90' lang='lat' dir='ltr'>die</span> <span class='ocrx_word' id='word_1_97' title='bbox 988 2047 1166 2134; x_wconf 88' lang='lat' dir='ltr'>probatum</span> <span class='ocrx_word' id='word_1_98' title='bbox 1185 2047 1251 2115; x_wconf 84' lang='lat' dir='ltr'>fuit</span> <span class='ocrx_word' id='word_1_99' title='bbox 1265 2067 1347 2114; x_wconf 91' lang='lat' dir='ltr'>oon-</span> 
     </span>
     <span class='ocr_line' id='line_1_15' title="bbox 305 2163 1347 2254; baseline -0.006 -20"><span class='ocrx_word' id='word_1_100' title='bbox 305 2168 463 2246; x_wconf 86' lang='lat' dir='ltr'>trarium,</span> <span class='ocrx_word' id='word_1_101' title='bbox 493 2165 599 2254; x_wconf 81' lang='lat' dir='ltr'>prout</span> <span class='ocrx_word' id='word_1_102' title='bbox 620 2168 655 2232; x_wconf 92' lang='lat' dir='ltr'>in</span> <span class='ocrx_word' id='word_1_103' title='bbox 681 2166 777 2232; x_wconf 87' lang='lat' dir='ltr'>libris</span> <span class='ocrx_word' id='word_1_104' title='bbox 810 2164 851 2231; x_wconf 90' lang='lat' dir='ltr'>de</span> <span class='ocrx_word' id='word_1_105' title='bbox 875 2165 989 2232; x_wconf 84' lang='lat' dir='ltr'>Sancti</span> <span class='ocrx_word' id='word_1_106' title='bbox 1022 2163 1117 2230; x_wconf 89' lang='lat' dir='ltr'>Petri</span> <span class='ocrx_word' id='word_1_107' title='bbox 1140 2164 1347 2252; x_wconf 83' lang='lat' dir='ltr'>monasterio</span> 
     </span>
     <span class='ocr_line' id='line_1_16' title="bbox 193 2276 1344 2368; baseline -0.004 -19"><span class='ocrx_word' id='word_1_108' title='bbox 193 2330 196 2336; x_wconf 82' lang='lat'><em>·</em></span> <span class='ocrx_word' id='word_1_109' title='bbox 306 2283 510 2349; x_wconf 85' lang='lat' dir='ltr'>continetur.</span> <span class='ocrx_word' id='word_1_110' title='bbox 535 2281 751 2368; x_wconf 88' lang='lat' dir='ltr'>Indulgentia</span> <span class='ocrx_word' id='word_1_111' title='bbox 770 2300 851 2348; x_wconf 86' lang='lat' dir='ltr'>vero</span> <span class='ocrx_word' id='word_1_112' title='bbox 873 2281 1022 2345; x_wconf 79' lang='lat' dir='ltr'>maxima</span> <span class='ocrx_word' id='word_1_113' title='bbox 1043 2276 1253 2344; x_wconf 84' lang='lat' dir='ltr'>condonatur</span> <span class='ocrx_word' id='word_1_114' title='bbox 1276 2279 1344 2344; x_wconf 87' lang='lat' dir='ltr'>illis</span> 
     </span>
     <span class='ocr_line' id='line_1_17' title="bbox 307 2394 1344 2482; baseline -0.001 -20"><span class='ocrx_word' id='word_1_115' title='bbox 307 2398 364 2482; x_wconf 91' lang='lat' dir='ltr'>qui</span> <span class='ocrx_word' id='word_1_116' title='bbox 393 2397 429 2462; x_wconf 91' lang='lat' dir='ltr'>in</span> <span class='ocrx_word' id='word_1_117' title='bbox 459 2395 517 2462; x_wconf 93' lang='lat' dir='ltr'>illo</span> <span class='ocrx_word' id='word_1_118' title='bbox 543 2395 597 2461; x_wconf 89' lang='lat' dir='ltr'>die</span> <span class='ocrx_word' id='word_1_119' title='bbox 624 2396 860 2462; x_wconf 87' lang='lat' dir='ltr'>translationis</span> <span class='ocrx_word' id='word_1_120' title='bbox 892 2395 934 2460; x_wconf 87' lang='lat' dir='ltr'>ad</span> <span class='ocrx_word' id='word_1_121' title='bbox 961 2395 1201 2460; x_wconf 86' lang='lat' dir='ltr'>monasterium</span> <span class='ocrx_word' id='word_1_122' title='bbox 1228 2394 1344 2461; x_wconf 87' lang='lat' dir='ltr'>Sancti</span> 
     </span>
     <span class='ocr_line' id='line_1_18' title="bbox 306 2500 1342 2599; baseline -0.002 -23"><span class='ocrx_word' id='word_1_123' title='bbox 306 2511 402 2578; x_wconf 83' lang='lat' dir='ltr'>Petri</span> <span class='ocrx_word' id='word_1_124' title='bbox 426 2512 630 2580; x_wconf 86' lang='lat' dir='ltr'>conveniunt</span> <span class='ocrx_word' id='word_1_125' title='bbox 654 2516 689 2578; x_wconf 87' lang='lat' dir='ltr'>et</span> <span class='ocrx_word' id='word_1_126' title='bbox 708 2532 768 2599; x_wconf 92' lang='lat' dir='ltr'>per</span> <span class='ocrx_word' id='word_1_127' title='bbox 793 2510 944 2589; x_wconf 86' lang='lat' dir='ltr'>octabas,</span> <span class='ocrx_word' id='word_1_128' title='bbox 967 2513 1067 2596; x_wconf 93' lang='lat' dir='ltr'>prout</span> <span class='ocrx_word' id='word_1_129' title='bbox 1086 2510 1121 2576; x_wconf 90' lang='lat' dir='ltr'>in</span> <span class='ocrx_word' id='word_1_130' title='bbox 1144 2509 1269 2578; x_wconf 87' lang='lat' dir='ltr'>litteris</span> <span class='ocrx_word' id='word_1_131' title='bbox 1286 2500 1342 2575; x_wconf 85' lang='lat' dir='ltr'>&#39;ibi</span> 
     </span>
    </p>

    <p class='ocr_par' dir='ltr' id='par_1_3' title="bbox 308 2627 796 2713">
     <span class='ocr_line' id='line_1_19' title="bbox 308 2627 796 2713; baseline -0.002 -20"><span class='ocrx_word' id='word_1_132' title='bbox 308 2627 477 2694; x_wconf 86' lang='lat' dir='ltr'>contentis</span> <span class='ocrx_word' id='word_1_133' title='bbox 493 2627 620 2713; x_wconf 84' lang='lat' dir='ltr'>poteris</span> <span class='ocrx_word' id='word_1_134' title='bbox 633 2627 796 2694; x_wconf 85' lang='lat' dir='ltr'>invenire.</span> 
     </span>
    </p>
   </div>
   <div class='ocr_carea' id='block_1_2' title="bbox 365 2841 1285 2926">
    <p class='ocr_par' dir='ltr' id='par_1_4' title="bbox 365 2841 1285 2926">
     <span class='ocr_line' id='line_1_20' title="bbox 365 2841 1285 2926; baseline -0.003 -2"><span class='ocrx_word' id='word_1_135' title='bbox 365 2877 409 2924; x_wconf 80' lang='lat' dir='ltr'>DE</span> <span class='ocrx_word' id='word_1_136' title='bbox 433 2877 585 2926; x_wconf 79' lang='lat' dir='ltr'>CORPORE</span> <span class='ocrx_word' id='word_1_137' title='bbox 608 2876 728 2926; x_wconf 71' lang='lat' dir='ltr'>sunem</span> <span class='ocrx_word' id='word_1_138' title='bbox 751 2841 873 2924; x_wconf 60' lang='lat' dir='ltr'>mm</span> <span class='ocrx_word' id='word_1_139' title='bbox 891 2874 1097 2923; x_wconf 78' lang='lat' dir='ltr'>SALVATORIS</span> <span class='ocrx_word' id='word_1_140' title='bbox 1120 2873 1285 2923; x_wconf 65' lang='lat' dir='ltr'>nrscn’bffl</span> 
     </span>
    </p>
   </div>
   <div class='ocr_carea' id='block_1_3' title="bbox 256 3091 1346 4224">
    <p class='ocr_par' dir='ltr' id='par_1_5' title="bbox 256 3091 1346 4224">
     <span class='ocr_line' id='line_1_21' title="bbox 256 3091 1342 3178; baseline -0.002 -18"><span class='ocrx_word' id='word_1_141' title='bbox 256 3099 295 3161; x_wconf 75' lang='lat'>20</span> <span class='ocrx_word' id='word_1_142' title='bbox 349 3094 493 3172; x_wconf 81' lang='lat' dir='ltr'>Sanctus</span> <span class='ocrx_word' id='word_1_143' title='bbox 508 3093 658 3172; x_wconf 89' lang='lat' dir='ltr'>Altinus,</span> <span class='ocrx_word' id='word_1_144' title='bbox 671 3093 781 3159; x_wconf 90' lang='lat' dir='ltr'>socius</span> <span class='ocrx_word' id='word_1_145' title='bbox 797 3092 1023 3178; x_wconf 80' lang='lat' dir='ltr'>predictorum</span> <span class='ocrx_word' id='word_1_146' title='bbox 1038 3094 1227 3178; x_wconf 80' lang='lat' dir='ltr'>martyrum</span> <span class='ocrx_word' id='word_1_147' title='bbox 1242 3091 1342 3158; x_wconf 89' lang='lat' dir='ltr'>Savi-</span> 
     </span>
     <span class='ocr_line' id='line_1_22' title="bbox 305 3207 1342 3288; baseline -0.003 -11"><span class='ocrx_word' id='word_1_148' title='bbox 305 3211 399 3277; x_wconf 91' lang='lat' dir='ltr'>niani</span> <span class='ocrx_word' id='word_1_149' title='bbox 411 3213 446 3277; x_wconf 86' lang='lat' dir='ltr'>et</span> <span class='ocrx_word' id='word_1_150' title='bbox 460 3209 670 3288; x_wconf 89' lang='lat' dir='ltr'>Potenciani,</span> <span class='ocrx_word' id='word_1_151' title='bbox 684 3229 706 3275; x_wconf 91' lang='lat' dir='ltr'>a</span> <span class='ocrx_word' id='word_1_152' title='bbox 722 3212 839 3276; x_wconf 88' lang='lat' dir='ltr'>sancto</span> <span class='ocrx_word' id='word_1_153' title='bbox 849 3207 1031 3274; x_wconf 79' lang='lat' dir='ltr'>saviniano</span> <span class='ocrx_word' id='word_1_154' title='bbox 1043 3207 1167 3273; x_wconf 83' lang='lat' dir='ltr'>missus</span> <span class='ocrx_word' id='word_1_155' title='bbox 1182 3207 1342 3274; x_wconf 87' lang='lat' dir='ltr'>Aurelia-</span> 
     </span>
     <span class='ocr_line' id='line_1_23' title="bbox 304 3320 1343 3408; baseline -0.004 -18"><span class='ocrx_word' id='word_1_156' title='bbox 304 3325 370 3403; x_wconf 90' lang='lat' dir='ltr'>nis,</span> <span class='ocrx_word' id='word_1_157' title='bbox 392 3322 449 3390; x_wconf 92' lang='lat' dir='ltr'>ubi</span> <span class='ocrx_word' id='word_1_158' title='bbox 470 3323 595 3391; x_wconf 88' lang='lat' dir='ltr'>multos</span> <span class='ocrx_word' id='word_1_159' title='bbox 618 3322 662 3389; x_wconf 89' lang='lat' dir='ltr'>ad</span> <span class='ocrx_word' id='word_1_160' title='bbox 679 3320 779 3388; x_wconf 91' lang='lat' dir='ltr'>fidem</span> <span class='ocrx_word' id='word_1_161' title='bbox 804 3325 1004 3390; x_wconf 81' lang='lat' dir='ltr'>convertens</span> <span class='ocrx_word' id='word_1_162' title='bbox 1027 3322 1276 3408; x_wconf 86' lang='lat' dir='ltr'>baptizav·it‚·et</span> <span class='ocrx_word' id='word_1_163' title='bbox 1293 3323 1343 3387; x_wconf 89' lang='lat' dir='ltr'>eis</span> 
     </span>
     <span class='ocr_line' id='line_1_24' title="bbox 304 3423 1344 3508; baseline -0.008 0"><span class='ocrx_word' id='word_1_164' title='bbox 304 3439 479 3508; x_wconf 86' lang='lat' dir='ltr'>ecclesium</span> <span class='ocrx_word' id='word_1_165' title='bbox 503 3439 539 3504; x_wconf 92' lang='lat' dir='ltr'>in</span> <span class='ocrx_word' id='word_1_166' title='bbox 559 3437 675 3505; x_wconf 88' lang='lat' dir='ltr'>eadem</span> <span class='ocrx_word' id='word_1_167' title='bbox 700 3423 783 3504; x_wconf 88' lang='lat' dir='ltr'>urbe</span> <span class='ocrx_word' id='word_1_168' title='bbox 806 3437 999 3504; x_wconf 85' lang='lat' dir='ltr'>construxit</span> <span class='ocrx_word' id='word_1_169' title='bbox 1022 3438 1057 3502; x_wconf 92' lang='lat' dir='ltr'>in</span> <span class='ocrx_word' id='word_1_170' title='bbox 1083 3437 1209 3504; x_wconf 88' lang='lat' dir='ltr'>honore</span> <span class='ocrx_word' id='word_1_171' title='bbox 1234 3438 1344 3504; x_wconf 86' lang='lat' dir='ltr'>sancti</span> 
     </span>
     <span class='ocr_line' id='line_1_25' title="bbox 302 3550 1344 3643; baseline -0.002 -23"><span class='ocrx_word' id='word_1_172' title='bbox 302 3555 591 3643; x_wconf 79' lang='lat' dir='ltr'>prothomartyris</span> <span class='ocrx_word' id='word_1_173' title='bbox 605 3553 785 3639; x_wconf 76' lang='lat' dir='ltr'>Stephani3</span> <span class='ocrx_word' id='word_1_174' title='bbox 804 3550 924 3618; x_wconf 88' lang='lat' dir='ltr'>deinde</span> <span class='ocrx_word' id='word_1_175' title='bbox 939 3552 1026 3638; x_wconf 88' lang='lat' dir='ltr'>apud</span> <span class='ocrx_word' id='word_1_176' title='bbox 1042 3551 1224 3618; x_wconf 82' lang='lat' dir='ltr'>Carnutum</span> <span class='ocrx_word' id='word_1_177' title='bbox 1242 3571 1344 3618; x_wconf 87' lang='lat' dir='ltr'>sano-</span> 
     </span>
     <span class='ocr_line' id='line_1_26' title="bbox 302 3666 1342 3754; baseline -0.005 -15"><span class='ocrx_word' id='word_1_178' title='bbox 302 3676 373 3740; x_wconf 90' lang='lat' dir='ltr'>tam</span> <span class='ocrx_word' id='word_1_179' title='bbox 389 3669 577 3737; x_wconf 85' lang='lat' dir='ltr'>Modestum</span> <span class='ocrx_word' id='word_1_180' title='bbox 590 3689 665 3736; x_wconf 90' lang='lat' dir='ltr'>oum</span> <span class='ocrx_word' id='word_1_181' title='bbox 678 3668 755 3734; x_wconf 90' lang='lat' dir='ltr'>aliis</span> <span class='ocrx_word' id='word_1_182' title='bbox 770 3668 965 3754; x_wconf 85' lang='lat' dir='ltr'>baptizavit,</span> <span class='ocrx_word' id='word_1_183' title='bbox 980 3672 1015 3736; x_wconf 87' lang='lat' dir='ltr'>et</span> <span class='ocrx_word' id='word_1_184' title='bbox 1028 3667 1150 3733; x_wconf 88' lang='lat' dir='ltr'>ibidem</span> <span class='ocrx_word' id='word_1_185' title='bbox 1166 3666 1342 3734; x_wconf 85' lang='lat' dir='ltr'>ecclesiam</span> 
     </span>
     <span class='ocr_line' id='line_1_27' title="bbox 302 3783 1345 3872; baseline 0 -22"><span class='ocrx_word' id='word_1_186' title='bbox 302 3787 337 3851; x_wconf 92' lang='lat' dir='ltr'>in</span> <span class='ocrx_word' id='word_1_187' title='bbox 353 3786 479 3853; x_wconf 90' lang='lat' dir='ltr'>honore</span> <span class='ocrx_word' id='word_1_188' title='bbox 495 3787 598 3853; x_wconf 85' lang='lat' dir='ltr'>Beate</span> <span class='ocrx_word' id='word_1_189' title='bbox 613 3785 721 3851; x_wconf 80' lang='lat' dir='ltr'>Maria</span> <span class='ocrx_word' id='word_1_190' title='bbox 739 3786 882 3872; x_wconf 85' lang='lat' dir='ltr'>virginis</span> <span class='ocrx_word' id='word_1_191' title='bbox 898 3786 1118 3852; x_wconf 85' lang='lat' dir='ltr'>consecravit.</span> <span class='ocrx_word' id='word_1_192' title='bbox 1138 3783 1263 3850; x_wconf 87' lang='lat' dir='ltr'>Deinde</span> <span class='ocrx_word' id='word_1_193' title='bbox 1276 3785 1345 3850; x_wconf 89' lang='lat' dir='ltr'>Pa-</span> 
     </span>
     <span class='ocr_line' id='line_1_28' title="bbox 302 3899 1345 3988; baseline -0.002 -22"><span class='ocrx_word' id='word_1_194' title='bbox 302 3901 405 3967; x_wconf 86' lang='lat' dir='ltr'>risios</span> <span class='ocrx_word' id='word_1_195' title='bbox 416 3901 541 3968; x_wconf 86' lang='lat' dir='ltr'>multos</span> <span class='ocrx_word' id='word_1_196' title='bbox 556 3900 756 3988; x_wconf 85' lang='lat' dir='ltr'>baptizando</span> <span class='ocrx_word' id='word_1_197' title='bbox 775 3902 954 3968; x_wconf 87' lang='lat' dir='ltr'>veritatem</span> <span class='ocrx_word' id='word_1_198' title='bbox 969 3901 1094 3980; x_wconf 88' lang='lat' dir='ltr'>docuit,</span> <span class='ocrx_word' id='word_1_199' title='bbox 1110 3904 1144 3967; x_wconf 86' lang='lat' dir='ltr'>et</span> <span class='ocrx_word' id='word_1_200' title='bbox 1163 3901 1212 3966; x_wconf 89' lang='lat' dir='ltr'>eis</span> <span class='ocrx_word' id='word_1_201' title='bbox 1235 3899 1345 3965; x_wconf 90' lang='lat' dir='ltr'>eccle-</span> 
     </span>
     <span class='ocr_line' id='line_1_29' title="bbox 303 4014 1346 4102; baseline -0.001 -21"><span class='ocrx_word' id='word_1_202' title='bbox 303 4016 388 4082; x_wconf 88' lang='lat' dir='ltr'>siam</span> <span class='ocrx_word' id='word_1_203' title='bbox 402 4017 437 4082; x_wconf 92' lang='lat' dir='ltr'>in</span> <span class='ocrx_word' id='word_1_204' title='bbox 451 4015 601 4102; x_wconf 83' lang='lat' dir='ltr'>predicte</span> <span class='ocrx_word' id='word_1_205' title='bbox 614 4017 735 4083; x_wconf 86' lang='lat' dir='ltr'>Sancte</span> <span class='ocrx_word' id='word_1_206' title='bbox 745 4016 854 4082; x_wconf 86' lang='lat' dir='ltr'>Marie</span> <span class='ocrx_word' id='word_1_207' title='bbox 864 4015 991 4081; x_wconf 90' lang='lat' dir='ltr'>honore</span> <span class='ocrx_word' id='word_1_208' title='bbox 1003 4014 1169 4093; x_wconf 84' lang='lat' dir='ltr'>fundavit,</span> <span class='ocrx_word' id='word_1_209' title='bbox 1181 4017 1346 4101; x_wconf 86' lang='lat' dir='ltr'>acpostea</span> 
     </span>
     <span class='ocr_line' id='line_1_30' title="bbox 304 4130 1344 4224; baseline 0 -26"><span class='ocrx_word' id='word_1_210' title='bbox 304 4131 390 4224; x_wconf 87' lang='lat' dir='ltr'>apud</span> <span class='ocrx_word' id='word_1_211' title='bbox 408 4131 602 4206; x_wconf 80' lang='lat' dir='ltr'>Cristcilum</span> <span class='ocrx_word' id='word_1_212' title='bbox 623 4131 708 4202; x_wconf 90' lang='lat' dir='ltr'>duos</span> <span class='ocrx_word' id='word_1_213' title='bbox 732 4133 824 4202; x_wconf 87' lang='lat' dir='ltr'>viros</span> <span class='ocrx_word' id='word_1_214' title='bbox 855 4132 1039 4212; x_wconf 84' lang='lat' dir='ltr'>convertit,</span> <span class='ocrx_word' id='word_1_215' title='bbox 1060 4130 1344 4219; x_wconf 81' lang='lat' dir='ltr'>videlicotAgoa-</span> 
     </span>
    </p>
   </div>
   <div class='ocr_carea' id='block_1_4' title="bbox 0 0 1594 5012">
    <p class='ocr_par' dir='ltr' id='par_1_6' title="bbox 0 0 1594 5012">
     <span class='ocr_line' id='line_1_31' title="bbox 0 0 1594 5012; baseline 0 1"><span class='ocrx_word' id='word_1_216' title='bbox 0 0 1594 5012; x_wconf 95' lang='lat' dir='ltr'> </span> 
     </span>
    </p>
   </div>
  </div>
 </body>
</html>
