3160 5016
689 443 888 513 -276-
973 394 975 400 ¹

760 653 824 703 vm

534 853 731 924 narrans
755 853 812 921 un
835 834 1038 920 cannuca

307 1000 521 1058 nocentissima
539 1014 592 1057 aas
611 1000 705 1056 asans
723 1014 760 1054 nn
780 1011 1039 1053 sunna-conones
1058 1010 1095 1050 ar
1112 1009 1151 1050 ns
1167 1008 1269 1050 simr-

289 1115 521 1155 mnaan-ns-vrr
548 1116 567 1154 a
591 1114 646 1154 nas
670 1111 846 1163 asurorsux,
873 1109 1031 1151 roarsuas
1057 1109 1095 1148 on
1124 1105 1286 1160 annonas,

365 1239 370 1248 ,
397 1213 433 1253 nr
452 1197 589 1253 cananis
608 1211 646 1251 oa
666 1198 787 1257 auersa
807 1209 882 1250 nans
900 1208 999 1250 roura
1019 1207 1055 1248 un
1072 1205 1188 1247 sannen

355 1311 437 1352 roua
456 1311 493 1350 nn
514 1307 742 1351 aasrnunnrron
763 1307 917 1348 nauseas
940 1305 1073 1347 asseres
1098 1291 1226 1346 aurnuns

642 1408 702 1448 rna
721 1405 774 1446 uss
794 1403 944 1448 annasse.

640 1534 694 1607 (20
704 1534 827 1608 janvier
847 1533 941 1606 1469.)

302 1679 424 1746 (Original
438 1692 482 1729 sur
490 1678 643 1740 parchemin,
654 1678 769 1728 autrefois
783 1677 857 1726 scelle
868 1678 898 1726 de
909 1682 996 1739 quatre
1007 1688 1096 1725 soeaux
1111 1686 1154 1723 sur
1167 1685 1261 1734 queues
1276 1673 1306 1721 de

271 1771 425 1834 parchemin,
437 1775 461 1818 et
475 1771 593 1818 conservo
603 1771 667 1819 dans
677 1770 700 1817 le
713 1771 791 1818 tresor
800 1770 829 1818 de
837 1769 864 1817 la
873 1767 1013 1817 cathedrale
1022 1767 1053 1815 de
1063 1763 1144 1829 Sene.)

308 1917 462 1976 Gnichard
489 1917 526 1974 de
544 1916 667 1983 Bierne,
694 1917 770 1974 abbe
790 1917 827 1975 de
844 1915 1121 1984 sainte-Colombe,
1146 1922 1176 1974 et
1196 1915 1313 1973 Olivier

272 2017 463 2092 Clrapperon,
477 2016 553 2073 abbe
573 2015 609 2072 de
629 2014 970 2084 Scine-Pierre-le-Vif,
986 2020 1076 2089 apres
1091 2015 1179 2073 avoir
1193 2014 1313 2088 signale

272 2120 372 2174 tontes
393 2113 437 2171 les
456 2113 579 2170 lavaurs
598 2113 762 2170 accordees
787 2112 936 2170 autrefois
956 2115 975 2169 a
992 2113 1074 2171 leurs
1094 2122 1240 2172 consents
1257 2128 1313 2186 par

272 2213 360 2280 Dieu,
387 2211 433 2268 les
456 2211 636 2268 souverains
662 2211 792 2285 pontisas
808 2215 839 2267 ct
855 2210 900 2268 les
925 2211 989 2268 rois
1010 2216 1076 2269 tres
1095 2211 1259 2276 chretiens,
1283 2215 1313 2267 et

273 2312 417 2386 presente
428 2308 457 2366 le
468 2307 589 2366 tabloau
600 2308 655 2366 des
668 2314 773 2366 ruinas
785 2309 855 2383 qn'y
865 2315 918 2366 ont
927 2313 1088 2384 apportees
1097 2310 1142 2367 les
1155 2309 1312 2367 malheura

273 2407 314 2466 du
328 2413 437 2480 tempe,
458 2410 631 2463 annoncent
649 2404 738 2488 qu'ils
754 2405 919 2478 deleguent
933 2424 975 2463 un
994 2407 1111 2466 certain
1129 2407 1257 2464 nombre
1276 2406 1312 2463 de

273 2505 356 2564 leurs
371 2504 531 2577 religieux,
557 2503 631 2561 dont
653 2503 691 2560 ils
710 2504 846 2561 donnent
864 2504 910 2562 les
927 2522 1016 2562 noms
1034 2511 1064 2563 et
1081 2505 1220 2580 qualitas,
1235 2521 1313 2580 pour

274 2606 382 2680 quater
402 2618 459 2678 par
473 2608 557 2659 toute
571 2601 601 2658 la
619 2600 748 2671 Franco,
768 2609 798 2660 et
814 2622 833 2678 y
850 2610 1043 2678 transporter
1061 2604 1106 2662 les
1125 2603 1257 2678 reliques
1275 2602 1313 2660 de

273 2703 382 2771 saints,
398 2699 487 2776 qu'ils
501 2701 683 2758 enumerent
700 2705 730 2758 et
748 2700 823 2759 dont
840 2701 880 2759 ils
900 2701 1056 2760 decrivent
1074 2702 1120 2760 les
1140 2701 1275 2760 chasses.

320 2916 497 2984 Universis
517 2920 692 3004 presentes
704 2917 839 2984 litteras
853 2918 1068 3006 inspecturis,
1085 2917 1311 2997 Guichardns,

277 3033 337 3100 Dei
360 3041 397 3100 et
415 3034 598 3120 apostolice
627 3033 716 3100 sedis
743 3035 871 3121 gracia,
894 3035 1031 3101 humilis
1055 3035 1158 3102 abbas
1183 3056 1315 3104 monas-

277 3151 356 3216 terii
371 3149 672 3234 Sancte-Columba
683 3171 787 3238 prope
800 3150 953 3230 Souania
973 3129 1102 3217 ordinis
1116 3152 1317 3218 Sancti-Be·

278 3264 416 3344 nedieti,
426 3263 468 3331 ad
482 3265 668 3332 Romanam
682 3267 858 3333 ecclesiam
870 3267 961 3334 nullo
976 3267 1085 3335 medio
1099 3267 1314 3354 pertinentis,

277 3387 313 3450 et
326 3381 506 3461 Oliverius,
521 3382 637 3450 eadem
649 3383 709 3449 Dei
723 3383 840 3471 gracia
849 3384 987 3450 humilis
1003 3384 1105 3451 abbas
1120 3383 1317 3451 monasterii

279 3499 601 3567 Sancti-Petri·Vivi
622 3519 724 3587 prope
748 3499 902 3581 Senonis‚
918 3500 1067 3588 ejusdem
1092 3501 1233 3580 ordinis,
1258 3519 1318 3568 eo-

279 3635 420 3703 rumque
440 3616 722 3683 monasteriorum
743 3623 940 3698 conventuS,
959 3618 1101 3687 salntem
1122 3620 1157 3686 in
1175 3617 1317 3686 Domino
1399 3671 1402 3676 ,

281 3733 530 3821 sempiternam.

326 3848 490 3924 Quoniam
515 3849 627 3919 divine
655 3849 819 3918 bonitatis
837 3850 948 3938 pietas
976 3856 1010 3919 et
1030 3841 1228 3920 sanctorum
1248 3854 1319 3921 Ro-

282 3967 457 4034 manorum
470 3966 666 4056 pontificum
684 3967 828 4055 largitas
844 3969 955 4045 ¹sacris
972 3972 1006 4036 et
1021 3970 1248 4056 preciossimis
1265 3972 1319 4058 pi-

283 4083 457 4172 gnoribus,
472 4083 629 4154 videlicet
654 4083 850 4172 corporibus
875 4084 1068 4163 beatissimi,
1090 4087 1265 4156 Saviniani
1284 4091 1320 4154 et
