3168 5012
755 455 950 523 -218-

151 613 162 638 ⁸
215 629 217 636 .
321 603 520 682 conventus,
546 617 645 686 super
671 597 805 666 domum
839 597 1056 686 continguam
1084 595 1197 664 domui
1227 595 1358 685 lapidee

321 714 462 782 Ymbert
482 716 601 798 Foaoe,
619 736 641 781 v
665 735 693 782 s.
718 720 745 783 t.
764 714 828 782 hac
850 714 903 781 die
922 714 1172 802 persolvendos,
1191 719 1229 782 ut
1247 715 1283 780 in
1298 715 1339 782 lit

323 833 407 901 teris
422 832 513 898 curie
529 831 730 898 Senonensis
755 831 957 898 continetur.
1249 895 1251 898 ,
1430 908 1432 914 .

370 946 455 1014 Item
470 944 554 1012 obiit
565 945 688 1012 Allidis
703 945 743 1012 de
757 944 1067 1028 Sancta-Columba,
1090 965 1153 1033 pro
1168 965 1232 1032 quo
1256 944 1359 1013 habet

323 1066 519 1137 conuentus,
543 1081 643 1148 super
668 1060 801 1128 domum
825 1060 1010 1150 predictam
1027 1066 1062 1129 et
1075 1080 1177 1150 super
1198 1061 1356 1128 medieta-

320 1181 390 1246 tem
405 1178 509 1244 trium
537 1177 785 1264 quarteriorum
810 1178 846 1243 in
865 1177 953 1244 valle
979 1175 1129 1247 defuncti
1147 1178 1299 1266 Augerii,
1320 1179 1358 1244 iii

323 1311 350 1358 s.
368 1314 402 1379 p.

354 1408 446 1457 Relicto
463 1409 556 1458 Odonis
566 1409 625 1456 Piet.

353 1499 510 1547 Glariouede
521 1500 653 1548 ciromines
662 1499 698 1546 vii
713 1513 735 1546 s.
748 1513 777 1558 p.

368 1589 398 1654 s.
419 1622 463 1639 -
478 1589 562 1656 vm
576 1589 642 1655 ro.
663 1625 705 1642 -
726 1571 818 1657 obiit
843 1590 1022 1674 assertus,
1043 1590 1209 1677 presbiter
1225 1589 1359 1657 sanco-

322 1705 675 1794 Petride-Dongione,
714 1726 776 1794 pro
806 1727 870 1794 quo
908 1706 1010 1774 hebet
1038 1711 1233 1785 conventus,
1260 1727 1360 1794 super

323 1823 529 1910 quarterium
546 1823 643 1890 vinee
658 1823 694 1888 in
716 1822 958 1890 Calido-Formo
972 1823 1021 1888 xii
1038 1822 1071 1889 d.
1086 1844 1118 1909 p.
1140 1823 1204 1889 hac
1220 1823 1360 1910 disper-

324 1938 514 2019 solvendos,
536 1944 575 2007 ut
603 1941 638 2005 in
661 1940 786 2007 litteris
811 1941 1015 2008 Sunonensis
1043 1941 1134 2007 curie
1154 1943 1356 2009 continetur.

354 2057 460 2104 Felisius
470 2053 599 2104 ’lrevoillio
611 2056 660 2103 dou
677 2054 805 2105 chernier.

354 2147 450 2192 Lorant
461 2142 506 2207 (l).

367 2236 454 2302 Item
480 2232 563 2303 obiit
580 2235 703 2317 Maria,
729 2234 847 2302 relicte
872 2236 914 2302 H.
944 2237 1061 2318 Bouet,
1084 2256 1145 2322 pro
1167 2257 1232 2323 quo
1257 2235 1359 2304 habet

323 2358 519 2429 conventre,
550 2371 649 2438 super
676 2353 883 2438 quarterium
908 2353 1006 2419 vinee
1042 2373 1085 2419 au
1120 2353 1358 2431 Charboniers,
1427 2345 1430 2350 ⁶

322 2469 371 2534 xii
387 2467 419 2533 d.
439 2488 471 2554 p.
488 2466 621 2532 hoodie
640 2467 889 2553 persolvendos,
907 2473 945 2535 ut
965 2469 1000 2532 in
1017 2468 1141 2537 litteris
1158 2470 1359 2537 Senonensis

324 2587 416 2654 curie
432 2587 635 2653 continetur.
752 2659 753 2666 χ

355 2703 510 2751 Christianus
521 2703 611 2751 Morins
625 2703 655 2751 do
670 2701 854 2752 cherbonidres.

369 2794 401 2861 6.
419 2830 463 2845 -
473 2794 539 2860 VII
552 2793 618 2859 Yd.
633 2831 676 2842 -
691 2793 853 2862 Obierunt
866 2795 960 2873 Milo,
981 2796 1074 2882 prior
1091 2795 1131 2862 de
1145 2794 1358 2872 Andrisiaco,

325 2911 488 2977 Rollanus
506 2914 540 2977 et
566 2909 739 2988 Galterus,
761 2911 897 2993 milites,
926 2932 986 2998 pro
1013 2911 1131 2998 quibus
1154 2912 1257 2980 habet
1277 2933 1361 2978 oon-

324 3032 445 3095 ventus
463 3047 563 3114 super
580 3028 712 3093 vineam
729 3027 828 3095 sitam
846 3047 927 3114 erga
948 3029 1105 3095 Sanctum
1114 3029 1356 3112 -Sanctianum,

324 3166 346 3211 v
363 3164 392 3210 s.
407 3164 457 3230 p.‚
473 3144 507 3209 vi
527 3142 720 3221 elemosina,
737 3147 772 3210 et
783 3143 817 3209 vi
832 3142 865 3209 d.
885 3143 1089 3229 pulsatores.

357 3258 475 3306 (iirerdus
488 3258 519 3306 de
531 3258 655 3306 Puioiunx.

319 3334 321 3338 ¹
355 3349 485 3394 lohannes
497 3349 521 3393 le
533 3349 630 3404 Hoiqne
641 3360 674 3394 ou
686 3349 711 3394 te
721 3349 810 3399 Hoine.

355 3433 448 3482 Droine
461 3438 479 3482 li
489 3437 635 3486 tonnetiere.

366 3531 399 3595 7.
414 3563 458 3578 -
469 3512 598 3595 vird.
613 3563 656 3578 -
671 3526 763 3597 Obiit
782 3527 991 3595 'theobaldus
1015 3529 1200 3613 Scutarios,
1221 3551 1357 3618 proquo

325 3643 428 3712 habet
448 3649 643 3722 conventus,
667 3665 766 3731 super
777 3644 910 3711 domum
928 3644 970 3711 ad
985 3649 1116 3732 portam
1138 3647 1362 3716 Sancti-Leo-

325 3761 391 3839 nis,
409 3762 445 3827 ix
460 3782 488 3828 s.
506 3782 553 3848 p.‚
572 3761 605 3828 vi
621 3761 653 3828 d.
669 3762 862 3840 elemosina,
878 3764 913 3829 et
925 3763 959 3828 ri
974 3760 1008 3827 d.
1024 3761 1224 3847 pulsatores.

357 3882 443 3928 Nostra
456 3880 569 3928 Domine.

358 4032 392 4098 (l)
408 4036 441 4082 Le
456 4037 499 4085 Mo.
515 4038 544 4083 56
558 4036 639 4095 ejouta
652 4034 685 4083 ioi
698 4051 704 4083 ε
716 4037 814 4095 Petrus,
833 4040 921 4095 textor,
940 4037 970 4082 de
981 4035 1113 4094 Joiqrrieco
1127 4041 1202 4085 tenet.
1220 4061 1249 4073 -
1266 4037 1296 4084 Li
1307 4038 1360 4085 Ro-

327 4138 388 4184 9ues
399 4129 473 4172 tenet.
