3160 5016
749 488 947 558 -290-

829 717 866 765 XI

732 895 961 965 DONATION

422 1057 460 1098 na
478 1055 624 1102 aucteurs
643 1055 682 1096 nu
701 1055 776 1096 cunr
793 1055 829 1094 nr
847 1054 887 1096 nu
906 1053 1002 1095 coare
1021 1054 1058 1094 nn
1078 1055 1163 1095 saner
1182 1055 1270 1108 nour,

362 1145 560 1201 ancusvnous
579 1155 617 1194 nr
636 1153 720 1207 snus,
733 1154 773 1194 an
788 1139 916 1194 rainneri
935 1153 973 1193 nr
990 1153 1330 1195 sarar-nour-nn-uann

363 1292 491 1364 Hugnes
506 1289 543 1348 de
554 1289 668 1365 Toucy,
686 1289 876 1365 archeveque
889 1289 927 1348 de
942 1290 1032 1361 Sens,
1043 1289 1098 1348 fait
1109 1291 1212 1348 saveir
1224 1292 1363 1367 qu'apres

327 1385 506 1448 l'ostensio'n
536 1388 702 1446 solennelle
731 1388 784 1446 des
820 1389 955 1464 reliques
987 1389 1024 1448 de
1054 1390 1135 1447 saint
1168 1391 1253 1464 Loup
1288 1390 1364 1450 dans

327 1488 462 1562 l'abbaye
480 1487 517 1545 de
537 1486 816 1555 Salute-Colombe,
834 1487 856 1543 il
872 1503 889 1544 a
906 1488 1017 1545 obtenu
1028 1487 1066 1545 de
1080 1487 1179 1546 l'abbe
1194 1493 1225 1546 et
1241 1487 1294 1545 des
1313 1507 1364 1546 re-

327 1585 444 1658 ligieux
463 1585 517 1642 des
531 1583 666 1659 reliques
682 1583 722 1641 du
742 1584 821 1654 chef,
848 1584 888 1641 du
909 1602 1000 1661 corps
1017 1592 1048 1643 et
1064 1585 1101 1642 de
1115 1585 1145 1642 la
1161 1585 1307 1643 chasuble
1323 1585 1364 1642 du

327 1685 408 1742 saint
422 1685 613 1752 confesseur,
631 1689 662 1742 et
679 1683 751 1758 qu'il
766 1683 811 1741 les
829 1700 848 1741 a
866 1683 1002 1742 donnees
1016 1701 1057 1742 au
1070 1685 1193 1760 prieure
1212 1683 1249 1742 de
1264 1683 1365 1742 Naud.

791 1817 911 1892 (noan

359 1965 482 2029 (original
492 1979 536 2014 sur
551 1965 696 2026 parchemin
709 1977 769 2014 avec
785 1969 861 2014 restes
874 1965 906 2014 de
920 1975 993 2014 aceau
1009 1968 1127 2015 conserve
1143 1966 1206 2017 dans
1220 1968 1255 2016 les
1271 1967 1362 2017 Archi-

326 2069 369 2105 ves
382 2057 412 2104 de
426 2056 531 2104 l'Yonne
546 2069 604 2104 sous
614 2056 639 2104 la
648 2060 701 2104 eote
717 2056 747 2104 Η.
763 2052 829 2118 172.)

371 2201 432 2279 H.,
451 2200 512 2266 Dei
532 2200 648 2286 gracia
673 2199 946 2286 archiepiscopus
971 2198 1109 2278 Senon,
1136 2200 1292 2267 omnibus
1320 2201 1363 2268 ad

293 2380 296 2386 .
327 2337 410 2403 quos
424 2320 597 2405 presentes
612 2316 727 2384 littero
743 2317 972 2403 pervenerint,
997 2317 1033 2380 in
1047 2317 1188 2382 Domino
1204 2317 1359 2385 salutem.

327 2434 493 2501 Noverint
519 2433 723 2499 universitas
743 2437 858 2500 vestra
882 2431 1077 2518 quodcum,
1100 2433 1142 2499 ad
1161 2434 1361 2521 peticionem

327 2554 361 2618 et
377 2549 580 2617 instanciam
600 2548 732 2617 abbatis
746 2552 781 2616 et
795 2549 1033 2615 monachorum
1049 2549 1360 2632 Sancte-Colombe,

326 2667 486 2752 reliquias
500 2665 591 2732 beati
605 2666 703 2752 Lupi,
722 2663 963 2753 archiepiscopi
975 2665 1098 2747 Senon,
1114 2669 1236 2755 populo
1251 2669 1308 2755 qui
1318 2666 1359 2733 ad

326 2783 390 2849 hoc
404 2781 584 2849 videndum
600 2780 720 2849 devote
741 2786 895 2862 venerat,
917 2782 1193 2868 ostendissemus,
1225 2782 1382 2866 humili-¹

326 2902 380 2966 ter
408 2898 449 2964 ab
474 2898 589 2965 eodem
610 2897 731 2966 abbate
754 2899 998 2986 postulavimus
1025 2906 1191 2987 quatenus
1216 2901 1362 2987 aliquam

326 3017 532 3104 porcionem(
552 3015 593 3082 de
622 3016 760 3103 reliquis
793 3017 999 3083 sanctissimi
1032 3017 1237 3084 confessoris
1268 3016 1364 3084 nobis

327 3132 538 3200 concederet.
569 3131 662 3208 Quod
688 3131 785 3198 nobis
818 3131 962 3221 benigne
992 3133 1189 3213 concedens,
1226 3133 1366 3200 donavit

328 3246 506 3336 quamdam
517 3251 648 3337 partem
661 3247 821 3336 decapite
833 3254 868 3317 et
879 3249 920 3316 de
933 3250 1084 3337 reliquiis
1097 3252 1246 3339 corporis
1260 3252 1366 3340 ipsius

328 3364 514 3433 involutam
546 3367 581 3431 in
612 3364 756 3451 quadam
788 3367 1006 3452 parciuncula
1032 3367 1166 3456 capsule
1195 3387 1266 3433 sue.
1293 3368 1366 3435 Nos

326 3500 407 3548 vero
422 3482 505 3549 moti
519 3481 699 3570 plurimum
727 3500 788 3569 pro
815 3481 1077 3550 evidentissimis
1096 3483 1268 3550 miraculis
1289 3503 1364 3569 que,

329 3598 526 3684 permonita
550 3595 632 3664 dicti
646 3595 862 3676 confessoris,
884 3596 1092 3684 frequentius
1102 3597 1231 3668 fiebant
1254 3600 1290 3666 in
1311 3619 1368 3666 ec·

329 3713 433 3780 clesia
455 3712 604 3801 ejusdem
632 3711 836 3779 confessoris
862 3714 948 3800 Lupi
970 3714 1010 3781 do
1028 3715 1081 3784 No
1098 3718 1133 3782 et
1156 3714 1226 3782 fere
1251 3735 1366 3783 omnes

330 3829 411 3897 illuc
425 3827 653 3909 confluebant,
665 3829 738 3917 jam
752 3829 861 3897 dictas
878 3829 1037 3916 reliquias
1051 3851 1125 3898 cum
1144 3832 1252 3900 multa
1265 3831 1368 3900 devo-

331 3948 427 4015 cione
441 3948 640 4018 donavimus
654 3951 690 4016 et
705 3947 742 4014 in
756 3947 900 4034 quadam
913 3967 1015 4036 capsa
1030 3947 1256 4038 deposuimus.
