3168 5012
772 516 973 584 ..230-

353 669 452 732 tertia
473 673 573 748 parte
603 669 739 748 arpenn·
771 669 903 731 tenenti
928 663 1093 750 Stephano
1119 665 1158 729 de
1182 662 1387 748 Cowrpenay.

395 780 522 847 Jehans
541 778 702 858 cailledo,
721 781 767 848 vii
784 802 813 847 s,
835 781 870 847 vi
895 779 928 846 d.
947 800 1020 869 par.
1044 779 1085 847 de
1105 779 1192 847 demi
1212 783 1335 866 arpant
1348 778 1389 844 de

348 902 442 965 terre
462 897 518 984 qui
534 895 585 964 fut
599 896 748 963 Perreau
763 896 836 963 Joe.

394 1014 479 1081 Item
492 1012 592 1088 idem,
608 1013 655 1080 vii
671 1033 698 1079 s.
722 1013 758 1078 ix
772 1012 804 1079 d.
821 1032 894 1099 par.
912 1013 952 1079 de
976 1011 1064 1080 demi
1087 1019 1209 1101 arpant
1233 1012 1274 1078 de
1287 1013 1388 1100 vigne

350 1130 407 1216 qui
418 1129 454 1194 fu
469 1132 489 1194 ὲ
503 1129 537 1198 la
551 1129 748 1196 Paveresse.

394 1245 521 1312 Jehans
535 1265 655 1333 genres
667 1244 828 1325 Cailled0‚
845 1246 882 1313 iii
893 1266 920 1312 s.
941 1247 977 1315 ix
998 1245 1027 1311 d.
1048 1268 1080 1333 p.
1096 1245 1162 1313 dei
1178 1245 1384 1332 quartierde

349 1363 462 1450 vigne,
476 1362 532 1448 qui
546 1361 580 1427 fu
597 1382 658 1428 aus
671 1361 794 1429 anfans
813 1362 868 1429 feu
882 1364 1004 1429 Denise
1023 1363 1064 1429 de
1079 1363 1307 1446 Seipt-P'reel.

392 1478 573 1546 Gauterius
589 1479 762 1565 Papelart‚
778 1480 814 1546 ix
830 1499 858 1546 s.
878 1480 915 1545 ix
935 1478 968 1545 d.
990 1499 1023 1546 0.
1042 1501 1074 1566 p.

379 1595 479 1642 colem
488 1595 591 1652 mynias
605 1599 683 1645 tenet.

394 1683 481 1750 Item
502 1682 603 1764 idem,
620 1705 691 1752 xxx
706 1685 739 1751 d.
756 1707 788 1772 p.
803 1705 863 1772 pro
879 1684 1041 1754 Guiberto
1056 1684 1096 1753 de
1109 1649 1308 1754 Cremonia.

377 1815 506 1861 Gerartde
517 1814 602 1861 Paron
614 1819 680 1861 tenet
696 1815 875 1874 ipuarterium
889 1816 934 1872 qui
949 1814 979 1872 {u
994 1817 1064 1862 Golot
1077 1816 1154 1862 seudi
1166 1817 1195 1862 iii
1218 1830 1242 1862 ε.
1259 1816 1285 1860 ix
1296 1828 1354 1872 par.

383 1905 514 1950 somnes
527 1905 631 1951 Delions
647 1909 722 1952 tenet.
736 1929 765 1940 -
779 1906 932 1962 Repnaudus
945 1907 977 1951 de
992 1904 1103 1952 Vedelai.

384 1987 544 2069 'Clemens
560 2001 735 2082 Grossart,
754 2003 804 2068 iiii
831 2023 859 2069 s.
886 2003 911 2068 ii
930 2002 963 2068 d.
983 2024 1017 2090 p.
1045 2022 1129 2090 pour
1146 2002 1202 2069 feu
1223 2003 1325 2071 Droet
1346 2003 1387 2069 de

349 2117 615 2185 Charmeeeaux.

362 2219 364 2222 Ι
381 2219 505 2290 johannes
521 2242 669 2303 Propositus,
689 2247 766 2292 textor
780 2242 824 2308 [de
839 2241 1017 2308 Divite-Burgo]
1037 2249 1110 2293 tenet.
1126 2269 1156 2280 ·-
1169 2244 1254 2292 Petrus
1271 2245 1289 2292 li
1306 2245 1387 2293 (luve-
1447 2304 1451 2312 Ι

352 2332 418 2389 flers,
432 2332 522 2390 solone,
533 2335 607 2380 tenet.

379 2422 478 2468 Goletus
490 2421 592 2480 Lipniea
606 2426 671 2468 tenet
684 2420 727 2484 (2).

389 2518 498 2586 Jehan
521 2520 545 2585 li
562 2520 681 2604 Mulat,
701 2521 747 2588 vii
768 2541 795 2588 S.
813 2522 850 2588 ix
869 2521 901 2588 d.
929 2543 961 2608 p.
986 2542 1070 2608 pour
1091 2522 1179 2588 demi
1199 2527 1320 2609 arpant
1343 2522 1386 2588 de

348 2647 439 2703 terre
460 2637 516 2723 qui
535 2636 570 2701 fu
584 2641 603 2702 a
615 2637 650 2703 la
668 2639 870 2725 Franpoyse.

391 2753 476 2821 Item
491 2752 591 2834 idem,
607 2755 641 2819 iii
665 2775 691 2821 s.
717 2756 754 2821 ix
769 2755 802 2820 d.
827 2775 858 2822 ο.
881 2775 914 2841 p.
932 2775 1016 2842 pour
1037 2755 1049 2820 i
1075 2757 1225 2842 quartier
1239 2756 1280 2824 de
1296 2762 1387 2825 terre

347 2868 426 2956 qu'il
451 2868 572 2937 acheta
601 2870 642 2937 de
674 2873 804 2947 Droue,
835 2871 992 2950 l'arnier,
1025 2876 1059 2939 et
1086 2870 1121 2938 fu
1144 2872 1271 2940 Gprart
1299 2874 1387 2940 Dar-

348 2989 438 3072 gent.

391 3101 517 3187 Helvis‚
540 3102 627 3170 seme
651 3103 706 3170 feu
731 3103 851 3191 Josroy
869 3102 910 3170 de
937 3104 1129 3192 Gorgenay‚
1151 3126 1173 3171 v
1190 3125 1218 3170 s.
1246 3105 1283 3172 iii
1299 3105 1332 3172 d.
1349 3107 1387 3171 iii

347 3207 424 3304 pitt.
446 3216 487 3284 de
503 3219 514 3284 i
535 3221 686 3306 quartier
700 3219 741 3286 de
755 3221 869 3308 vigne.

377 3347 499 3405 Marione,
523 3348 576 3403 fille
591 3348 634 3405 seu
654 3351 745 3394 maure
762 3348 849 3395 Pierre
870 3351 988 3408 Dourbet,
1008 3351 1031 3394 le
1046 3350 1252 3400 chamberilleur.
1264 3374 1292 3384 -
1308 3351 1385 3397 Guil-

347 3437 442 3481 lermua
454 3437 485 3482 de
501 3436 587 3483 Remis
598 3441 674 3487 tenet.

389 3534 430 3598 Li
446 3532 568 3600 anfant
588 3533 644 3600 feu
667 3533 787 3621 Jofroy
814 3535 855 3601 de
889 3535 1078 3622 Gorgenay,
1109 3558 1130 3602 υ
1156 3557 1184 3603 s.
1215 3541 1259 3602 iii
1280 3538 1313 3604 d.
1340 3543 1385 3604 iii

252 3667 255 3672 ·
342 3653 424 3734 ρέα.
440 3671 518 3735 par.

381 3767 508 3814 Thevenin
524 3769 555 3814 de
568 3768 727 3826 Gourpenap.
742 3792 770 3802 -
785 3769 873 3816 Dictus
889 3769 907 3814 li
921 3770 1045 3815 Mauvais.
1137 3772 1140 3778 ’

389 3866 570 3934 Gauterius
586 3865 638 3933 fils
655 3866 710 3934 feu
730 3867 899 3935 Guillelmi
918 3868 1107 3947 Tisirande‚
1129 3870 1180 3935 iiii
1201 3891 1228 3936 s,
1247 3869 1270 3936 ii
1291 3869 1323 3936 d.
1346 3892 1380 3957 p.

375 4079 410 4144 (1)
419 4081 452 4130 Le
463 4081 507 4135 Hs.
519 4084 549 4130 56
564 4082 645 4162 aj0utp
661 4082 694 4132 ici
708 4100 714 4131 ι
728 4085 789 4132 Milo
803 4085 911 4136 Baudin.
923 4108 953 4121 -·
964 4085 1045 4133 Gener
1054 4086 1157 4132 Milonis
1172 4090 1247 4138 tenet.

375 4167 411 4232 (2)
426 4172 504 4238 Colat,
514 4173 596 4222 dictus
607 4170 716 4234 upum,
731 4175 750 4221 li
760 4175 905 4224 couturiers
916 4175 967 4225 dou
978 4176 1089 4234 marche,
1103 4179 1180 4223 tenet.
1197 4175 1231 4228 Ms
1247 4177 1283 4224 56.
