3180 5012
670 513 713 532 ..
736 481 847 547 45...

231 625 322 711 Egea
353 622 554 710 proconsule
583 621 811 708 deprehensus
832 623 882 686 in
913 634 1046 686 carcere
1081 618 1204 684 missus
1233 637 1273 684 ac

233 739 352 805 deinde
369 738 570 825 gravissime
590 757 686 803 cesus
702 736 744 802 ad
761 736 917 804 ultimum
937 736 973 800 in
992 753 1089 800 cruce
1104 752 1271 820 appensus

232 855 333 922 biduo
353 853 437 920 inibi
465 853 665 940 supervixit,
690 871 728 917 ac
750 850 882 917 demum
899 852 934 916 in
952 871 1049 917 cruce
1069 850 1272 936 martyrium

234 969 491 1038 consummavit.

352 1220 395 1268 DE
415 1219 554 1269 sancms
579 1217 702 1267 Jacoao
725 1218 769 1266 ΕΤ
792 1216 949 1268 JOHANNE.
969 1214 1181 1282 ratramus,

280 1430 384 1497 David
406 1431 598 1518 rexgenuit
615 1431 755 1505 Nathan
771 1431 1047 1511 etSalomonem3
1070 1451 1111 1498 ex
1130 1429 1275 1498 cathena

235 1546 375 1614 Nathan
393 1545 565 1614 descendit
589 1547 746 1625 Joachin,
774 1549 831 1633 qui
862 1567 904 1612 ex
931 1547 1042 1630 Anna,
1070 1561 1176 1613 uxore
1200 1567 1273 1624 sua,

236 1662 354 1748 genuit
381 1662 547 1741 Mariam,
576 1662 743 1749 virginem
772 1664 807 1729 et
833 1665 976 1728 matrem
1007 1661 1139 1728 Domini
1165 1661 1286 1748 nostri·

235 1777 340 1842 Jhesu
360 1776 500 1845 Christi.
522 1776 686 1845 Defuncto
709 1777 864 1854 Joachin‚
894 1777 993 1842 Anna
1022 1775 1142 1843 habuit
1167 1776 1276 1842 virum

236 1890 429 1978 Cleopham,
450 1904 509 1957 ‘ex
539 1910 603 1977 quo
633 1891 738 1958 filiam
768 1892 887 1959 habuit
911 1890 1090 1957 secundam
1116 1891 1273 1968 Mariam,
1290 1878 1330 1944 ¹⁰

238 2011 379 2074 matrem
399 2007 515 2073 Jacobi
531 2008 684 2092 Minoris,
717 1992 855 2094 Joseph,
882 2008 1040 2093 Syrnonis
1061 2007 1210 2072 Cananei
1243 2011 1277 2074 et
1350 2049 1355 2056 ·

238 2122 322 2189 lude
343 2123 483 2202 Thadei,
510 2128 543 2191 et
564 2122 630 2190 luit
654 2143 741 2191 uxor
762 2123 896 2210 Alphei.
930 2121 1094 2191 Defuncto
1117 2123 1276 2209 Cleopha,

240 2239 382 2324 sumpsit
395 2238 496 2304 Anna
513 2239 655 2305 tercium
669 2239 780 2306 virum
798 2239 932 2304 nomine
946 2238 1093 2316 Salome,
1110 2242 1145 2304 et
1160 2217 1279 2304 habuit
1306 2264 1308 2267 ·

238 2353 379 2420 terciam
407 2351 564 2432 Mariam,
593 2372 657 2438 que
687 2372 730 2418 ex
758 2339 906 2419 Zebedeo
926 2351 1009 2418 duos
1030 2351 1119 2418 filios
1145 2351 1276 2430 habuit,

240 2469 399 2535 Jacobum
427 2466 583 2534 videlicet
612 2466 774 2553 majorem
802 2471 837 2532 et
863 2466 1052 2532 iohannem
1083 2463 1281 2550 euvangeli-

240 2588 339 2651 stam.
357 2585 482 2650 Beatus
496 2602 577 2649 vero
592 2581 749 2660 lacobus,
764 2580 883 2648 divisis
898 2579 1060 2666 apostolis
1076 2599 1135 2666 per
1151 2578 1278 2656 orbem,

238 2700 274 2764 in
292 2699 476 2784 Hyspaniis
497 2697 697 2784 predicavit.
720 2696 846 2762 Deinde
864 2695 1100 2762 lherosolimis
1124 2712 1282 2761 reversus

133 2831 138 2840 ·
241 2815 284 2882 ab
300 2814 434 2882 Herode
454 2814 639 2882 decollatus
659 2817 712 2881 est
725 2832 814 2879 anno
832 2812 874 2878 ab
894 2812 1130 2878 incarnatione
1149 2807 1282 2876 Domini

242 2932 402 2998 XLIIII⁰.
423 2930 504 3016 Ejus
528 2948 606 2994 ossa
634 2949 654 2996 a
678 2927 914 2994 iherosolimis·
931 2926 973 2994 ad
993 2926 1186 3014 Hyspanias
1204 2927 1284 2990 sunt

236 3047 414 3114 ‘translata
430 3046 511 3112 etin
526 3044 655 3111 ultimis
671 3063 786 3110 earum
799 3042 951 3129 partibus
967 3041 1122 3121 condita3
1141 3041 1284 3108 celeber·
1294 3034 1332 3098 20

245 3163 331 3227 rima
345 3161 479 3226 illarum
491 3160 709 3226 veneratione
723 3160 873 3246 gentium
889 3159 1057 3225 coluntur.
1068 3159 1194 3228 Beatus
1203 3175 1286 3223 vero

245 3277 416 3343 lohannes
443 3250 515 3362 ejus
537 3293 717 3362 germanus
746 3273 787 3340 ab
816 3273 960 3358 Epheso,
979 3273 1078 3360 jussu
1099 3271 1283 3340 Domiciani

248 3393 390 3458 Romam
408 3390 589 3478 perductus
602 3393 667 3468 est,
687 3393 733 3468 et,
744 3392 1046 3475 presentesenatu,
1062 3391 1141 3455 ante
1153 3390 1286 3474 portam

225 3537 228 3550 ··
249 3509 406 3576 Latinam
424 3507 458 3570 in
476 3504 540 3571 olei
567 3504 729 3572 ferventis
747 3504 872 3570 dolium
894 3505 1015 3570 missus
1035 3504 1172 3570 minime
1196 3503 1286 3568 lesus
1376 3552 1379 3558 .

250 3625 346 3701 exiit,
369 3626 403 3689 et
419 3621 506 3707 apud
532 3621 699 3707 Ephesum
724 3625 800 3706 post
827 3620 1191 3706 exilii'religationem,
1210 3623 1287 3704 post

250 3737 460 3823 Apocalipsis
488 3737 637 3803 divinam
661 3735 901 3802 revelationem
932 3740 966 3801 et
993 3734 1287 3822 postEuvangelii

252 3851 510 3938 descriptionem
525 3870 630 3936 usque
645 3849 686 3914 ad
703 3854 834 3935 tempus
849 3849 986 3936 Trajani
1002 3850 1163 3936 principis
1178 3864 1291 3936 perse-

252 3967 496 4034 veranstotius
510 3966 602 4052 Asye
623 3965 777 4032 fundavit
794 3965 948 4050 rexitque
972 3964 1143 4046 ecclesias,
1162 3969 1289 4032 creona

255 4081 364 4150 fectus
389 4083 481 4148 senio
508 4101 596 4148 anno
626 4081 834 4168 sexagesimo
860 4085 979 4148 octavo
1001 4085 1077 4168 post
1099 4083 1291 4168 passionem
