3180 5012
762 552 917 616 -8-

324 687 513 769 declarabo,
542 710 582 757 ac
604 689 723 758 deinde
743 692 784 758 de
804 689 1001 758 fundatione
1030 695 1064 759 et
1092 688 1361 776 reparationibus

224 895 233 911 .
327 803 407 871 dicti
433 807 629 872 monasterii
663 810 698 872 et
729 806 769 872 de
796 805 994 900 quibusdam
1023 805 1099 870 aliis
1125 805 1278 871 materiis
1304 823 1364 889 per

327 918 478 985 rubricas
507 920 649 987 inferius
674 923 847 988 annotatis
876 921 1117 1007 subsequenter
1147 925 1182 986 et
1207 920 1362 986 ordinate

326 1034 536 1100 conscribere
555 1036 693 1123 dignum
717 1037 809 1103 duxi.
827 1037 857 1102 A
876 1037 1018 1102 Domino
1038 1037 1177 1122 incipiat
1199 1036 1261 1102 heo
1281 1055 1360 1122 ope-

327 1146 464 1214 ratioet
483 1167 543 1232 per
557 1149 707 1214 eumdem
724 1150 896 1216 dominum
911 1148 1062 1227 finiatur,
1086 1161 1195 1232 amen.

531 1392 596 1440 Hac
626 1393 713 1441 SUNT
740 1393 888 1440 RUBRICE
919 1389 1156 1448 RELIQUIARUM

442 1505 650 1554 MONASTERII
673 1508 793 1555 SANCTI
822 1507 924 1554 PETRI
952 1506 1023 1553 VIVI
1045 1503 1247 1553 SENONENSIS

574 1624 618 1670 ET
644 1623 861 1681 QUARUMDAM
884 1621 1114 1669 MATERIARUM

396 1719 548 1785 'alanino
580 1740 762 1789 PRESENTIS
786 1738 946 1787 OPUSGULI
975 1734 1277 1792 conscam‘raauu,

458 1856 550 1904 ANNO
567 1856 688 1905 DOMINI
712 1842 751 1903 Μ0
774 1849 825 1904 00⁰
838 1854 1057 1903 NONAGESIMO
1079 1852 1200 1900 TERCIO
1219 1853 1226 1898 :

281 1983 315 2047 10
362 1985 407 2043 De
425 2002 544 2044 summa
558 1985 716 2042 Trinitate.

363 2083 406 2139 De
426 2082 558 2140 adventu
575 2082 708 2139 Domini.

362 2182 407 2238 De
429 2182 663 2238 annunciatione
680 2186 710 2237 et
725 2178 933 2256 incarnatione
953 2177 1084 2233 Domini.
1146 2246 1153 2255 Ι

362 2278 407 2335 De
426 2279 583 2334 nativitate
602 2278 734 2335 Domini.

362 2375 407 2433 De
426 2392 504 2448 pane
518 2393 593 2432 cene
611 2374 745 2432 Domini.

364 2475 408 2531 De
427 2490 516 2530 cruce
533 2473 665 2530 Domini.

361 2571 407 2628 De
426 2569 529 2627 tunica
549 2571 672 2627 Domini
691 2575 721 2628 et
739 2571 858 2644 Pylato.

363 2671 408 2726 De
427 2671 555 2745 spongia
573 2670 705 2728 Domini.

363 2769 408 2825 De
427 2769 534 2826 lancea
547 2769 669 2826 Domini
688 2774 718 2826 et
736 2768 885 2840 Longino.

360 2871 406 2926 De
426 2867 560 2942 syndone
577 2867 708 2925 Domini.

278 2959 316 3022 20
362 2967 406 3022 Da
425 2967 564 3040 sepulcro
580 2973 610 3024 et
624 2967 847 3024 resurrectione
860 2966 990 3023 Domini.

361 3064 405 3121 De
425 3065 581 3122 nativitate
596 3066 683 3122 beato
696 3067 750 3122 Dei
765 3065 922 3137 genitricis
942 3065 1051 3120 Maria.

361 3162 407 3220 De
425 3165 630 3238 assumptione
650 3165 795 3238 ejusdem.

362 3263 408 3319 De
426 3262 615 3319 vestimentis
629 3261 774 3335 ejusdem.

360 3364 406 3420 De
426 3361 544 3435 capillis
562 3361 693 3435 ejudem.

364 3461 408 3517 De
428 3460 506 3516 lacte
520 3459 665 3533 ejusdem.

360 3557 502 3614 Narratio
519 3557 556 3614 de
574 3558 702 3629 angelis.

361 3655 406 3712 De
425 3655 540 3729 majore
555 3655 643 3712 altari
663 3671 681 3711 a
699 3656 763 3713 Deo
783 3662 814 3712 et
833 3657 950 3729 angelis
970 3657 1116 3716 dedicato.

359 3755 405 3810 De
415 3753 593 3828 quibusdam
604 3753 837 3810 revelationibus
847 3761 876 3810 et
892 3754 1046 3812 miraculis
1061 3756 1142 3812 circa
1152 3756 1247 3812 altare
1264 3753 1363 3811 lactis.

360 3853 503 3910 Narratio
522 3852 559 3909 da
572 3852 728 3926 prophetis
743 3857 772 3908 et
785 3859 890 3931 sancto
905 3852 1043 3909 iohanne
1060 3853 1208 3926 Baptista.

276 3949 314 4012 30
361 3950 406 4006 De
425 3949 613 4006 vestimentis
626 3949 722 4006 sancti
740 3947 888 4006 lobannis
902 3949 1048 4023 Baptista.

361 4047 407 4103 De
425 4047 528 4119 digitis
547 4047 693 4121 ejusdem.

361 4143 405 4202 De
425 4145 542 4205 ossibus
560 4145 719 4226 symeonis
734 4145 819 4227 justi.
