3164 5016
669 519 843 586 ..91-

167 632 170 638 ¹
270 662 443 720 Ludovicus
455 662 492 720 dc
505 661 734 718 Maiuteternes.
750 657 902 732 Receptus
916 658 963 714 eat
983 654 1073 710 1577.

256 762 404 824 ,Renatus
423 760 459 817 de
476 759 611 832 Biregue
625 755 789 816 cardinalis
807 751 852 830 (lt.
870 753 955 811 Obiit
974 753 1056 810 1584
1074 751 1121 810 ael
1134 751 1270 809 circiter.

267 857 511 915 Bartholomaeus
536 856 572 914 de
597 855 717 912 Crottes
742 854 819 910 alias
845 853 882 909 de
918 851 1080 908 Chrosnes
1117 850 1271 924 Receptus

306 957 399 1013 1584.

269 1055 398 1112 Carolus
409 1055 549 1123 Prevost‚
562 1053 795 1112 archidiaconus
812 1054 923 1112 Senon.
951 1059 981 1110 et
1003 1052 1084 1124 regis
1109 1047 1273 1107 Heuricia

305 1152 510 1210 concionibus.

267 1251 421 1308 lohannes
454 1252 634 1312 Franciscus
665 1255 829 1327 Berruyer.
858 1254 961 1327 Nepos
991 1250 1102 1308 Caroli
1131 1251 1272 1323 receptus

294 1348 407 1410 'loeo

270 1451 399 1509 lacobus
413 1451 743 1528 Berruyer.-Receptus
759 1453 851 1509 1645.

267 1549 437 1608 Hieremias
455 1549 585 1622 Rouget,
600 1549 764 1607 canonicus
776 1548 945 1608 Trecensis

410 1795 475 1844 Huc
491 1795 579 1844 SUNT
605 1793 739 1844 NOMINA
754 1793 1094 1842 ARGHIEPiSGOPORUM

373 1912 417 1960 ΕΤ
442 1912 486 1960 ΒΕ
510 1910 717 1959 SEPULTURIS
741 1909 958 1968 QUORUMDAM
983 1910 1131 1958 lPSORUM
1171 1907 1175 1916 ’

276 2126 429 2193 Saucius
450 2124 670 2192 Snvrnnuus.

229 2221 232 2240 ”
279 2242 434 2309 Suncuus
459 2242 713 2309 Pounncrauus.

277 2356 407 2423 Hiiduo
419 2358 518 2444 primi
534 2357 742 2424 senonenses
757 2358 1011 2444 archiepiscopi,
1026 2355 1223 2426 fundatores
1236 2365 1270 2438 et

232 2475 366 2560 patroni
381 2480 497 2540 sancte
516 2475 636 2541 matris
656 2474 794 2541 ecclesie
809 2474 1104 2562 Sancti-Stephani
1122 2475 1155 2539 in
1171 2475 1271 2541 Seno·

231 2591 307 2656 nica
318 2590 505 2676 metropoli,
517 2610 560 2656 ex
572 2594 787 2678 septuaginta
800 2589 928 2656 duobus
939 2589 1111 2678 discipulis
1121 2592 1266 2671 Domini,

233 2707 369 2774 fuerunt
388 2729 408 2774 a
425 2707 523 2774 beato
541 2708 643 2775 Petro
666 2685 701 2773 in
721 2707 849 2773 Gallias
873 2708 980 2772 missi.
1007 2707 1174 2794 Martyrio
1194 2707 1269 2774 sue-

232 2828 313 2890 runt
329 2825 470 2908 Senonis
486 2825 658 2906 coronati;
677 2844 816 2910 quorum
834 2843 975 2910 corpora
990 2825 1024 2888 in
1039 2825 1153 2892 Sancti
1173 2814 1268 2891 Petri

232 2939 310 3006 Vivi
325 2939 527 3007 Senonensis
543 2941 685 3007 ecclesia
703 2941 932 3009 continentur.
1276 2937 1314 3000 20

278 3056 458 3124 Lnonorus.

275 3173 477 3240 Snvnnmus.

273 3289 451 3358 Anninus.

274 3407 455 3473 Ennomus.

274 3523 449 3590 Luunuus.

272 3640 479 3708 srupnuus.

148 3937 150 3942 v
256 3914 290 3989 (l)
307 3916 351 3964 Las
366 3920 428 3964 mois
452 3922 484 3966 de
503 3919 612 3977 Birucue
625 3920 763 3967 cardinalis
779 3919 901 3967 semblent
916 3920 991 3968 d'uue
1014 3921 1118 3970 ecrilure
1140 3921 1263 3982 pinsan-

225 4007 316 4054 cicune
325 4020 373 4068 quo
386 4008 446 4055 celle
457 4009 491 4056 du
504 4015 553 4057 mot
563 4011 684 4057 Renatua.
699 4011 731 4058 Ge
746 4011 844 4059 dernier
859 4024 917 4059 uum
931 4014 992 4060 aete
1003 4012 1062 4060 ecrit
1076 4013 1265 4072 prohnblement

225 4109 258 4146 au
272 4101 335 4144 xvu·
352 4110 384 4144 ou
396 4089 471 4145 ivm·
485 4098 568 4156 siecle,
587 4113 618 4147 en
636 4100 716 4154 nieme
734 4104 871 4166 tomosque
883 4100 906 4147 le
922 4103 984 4148 reste
1009 4101 1052 4153 deo
1068 4113 1140 4149 nouus
1155 4102 1185 4149 de
1202 4105 1262 4150 cette

226 4185 291 4241 liele.
