3180 5012
636 549 680 566 ..
703 516 747 582 49
768 550 814 569 .-

159 692 164 695 -
208 661 334 734 essent,
354 656 477 723 Petrus
507 654 613 723 dixit:
639 656 868 725 Sustituamus
885 659 1029 745 aliquem
1050 659 1122 727 loco
1143 655 1265 740 Jude3'
1345 715 1346 720 ,

209 775 264 861 qui
279 778 473 841 statuerunt
492 773 576 840 duos
600 773 728 841 scilicet
747 775 872 860 loseph
890 773 1030 841 fratrem
1052 774 1167 840 Jacobi
1186 776 1252 842 mi-.

208 889 301 961 noris
325 892 360 955 et
385 889 561 956 Mathiam.
586 889 630 955 Et
652 889 773 956 cecidit
797 909 870 955 sors
900 908 999 976 super
1021 889 1188 955 Mathiam
1217 893 1252 956 et

209 1007 501 1098 enumeratusest
529 1005 712 1089 apostolus.
738 1005 801 1079 Qui
829 1004 984 1073 Mathias·
999 1005 1089 1091 apud
1108 1005 1250 1072 Judeam

207 1121 386 1194 veritatem
407 1121 605 1207 Euvangelii
631 1116 829 1207 predicavit,
853 1127 887 1189 et
907 1122 1080 1188 miraculis
1095 1122 1252 1190 ,chorus-

210 1235 311 1314 cavit,
330 1255 370 1302 ac
389 1234 521 1302 demum
538 1236 646 1302 crucis
662 1235 813 1322 patibulo
831 1256 1013 1323 suspensus
1029 1235 1119 1303 celos
1136 1235 1253 1318 ascen·

210 1349 271 1432 dit,
294 1336 460 1436 martyrio
480 1354 675 1418 coronatus.
696 1336 825 1438 Corpus
846 1352 918 1438 ejus
939 1331 1045 1419 Rome
1060 1353 1094 1418 in
1111 1352 1269 1420 ecclesia·
1292 1415 1299 1428 ,

187 1541 190 1546 ‚
210 1462 333 1531 Sancte
350 1465 458 1530 Maris
472 1465 610 1552 maJ'oris
631 1466 797 1551 sepultum
817 1485 891 1531 esse
913 1465 1050 1548 dicitur,
1065 1464 1253 1552 ibidemque

213 1584 313 1664 caput
331 1579 437 1666 ipsius
453 1579 575 1666 populo
593 1579 858 1648 demonstratur.

468 1884 471 1895 ἰ
544 1831 588 1879 ou
611 1831 739 1881 seuero
762 1831 923 1881 sarnum
1244 1812 1246 1820 ‘
1267 1823 1303 1891 10

257 2045 355 2111 Anno
372 2047 618 2114 incarnationis
640 2048 773 2113 Domini
783 2047 962 2126 xxxssr,
979 2046 1105 2114 Paulus
1119 2051 1154 2116 et
1169 2049 1255 2114 Bar·

215 2159 320 2227 nabas
336 2161 371 2226 iu
387 2160 618 2246 predicatione
631 2163 831 2249 Euvangelii
858 2181 878 2226 a
903 2161 1176 2248 Sancto-Spiritu
1201 2183 1256 2232 se·

216 2277 413 2360 gregantur,
431 2279 465 2341 et
497 2274 652 2360 dispersa
678 2281 730 2342 est
749 2274 892 2341 ecclesia
920 2273 1151 2361 fideliumque
1183 2278 1257 2342 erat

216 2389 461 2468 iherosolimis,
484 2393 518 2457 et
548 2389 809 2477 predicaverunt
837 2390 981 2477 apostoli
1002 2390 1159 2478 gentibus
1179 2409 1258 2456 ver-

216 2502 293 2576 bum
317 2505 389 2570 Dei..
408 2505 582 2573 Barnabas
604 2507 724 2574 levites
739 2506 872 2592 Ciprius
887 2525 1011 2593 genere
1028 2505 1093 2572 fuit
1109 2526 1196 2572 unus
1215 2525 1258 2587 ex
1375 2528 1377 2533 ·

218 2620 434 2706 septuaginta
453 2620 582 2687 duobus
607 2621 781 2707 discipulis
795 2622 942 2688 Domini.
964 2622 1116 2686 Assensu
1144 2621 1255 2699 Pauli,
1375 2610 1378 2615 ¹
1437 2593 1438 2596 Ἴ

216 2733 364 2822 Cyprum
376 2735 472 2812 adiit,
491 2736 602 2822 ibique
616 2739 796 2804 veritatem
814 2736 949 2816 docens,
971 2737 1095 2805 multos
1108 2736 1151 2802 ad
1166 2737 1259 2804 veri·
1378 2792 1382 2800 .

216 2855 323 2932 tatem
344 2852 525 2918 convertit.
551 2852 689 2918 Domum
713 2873 733 2918 a
757 2851 874 2918 Judeis
898 2853 1025 2939 ligatus
1046 2855 1145 2920 extra
1174 2853 1260 2918 civi·

217 2969 323 3033 tatem
344 2965 551 3032 Salaminam
569 2965 763 3034 combustus
778 2968 980 3052 martyrium
998 2967 1257 3034 consummavit.
1390 3012 1394 3020 -

216 3079 471 3167 volueruntque
488 3079 587 3147 Judei
609 3101 688 3148 ossa
704 3082 810 3168 ipsius
830 3082 982 3168 perdere,
1004 3082 1061 3148 sed
1088 3081 1309 3173 lohannesid

218 3216 298 3265 suus
314 3195 497 3283 discipulus
508 3182 589 3282 'ipsa
605 3198 719 3283 rapuit
743 3202 788 3264 et·
801 3194 986 3264 honorifice
1003 3199 1168 3285 sepelivit.
1190 3199 1260 3273 Qus

217 3319 367 3399 tempore
382 3314 526 3379 Zenonis
542 3302 756 3400 imperatoris
775 3319 811 3382 et
825 3314 953 3382 Gelasii
973 3334 1057 3401 pape
1072 3318 1148 3401 post
1164 3315 1260 3400 quin·

219 3432 337 3516 gentos
358 3447 477 3512 annos,
492 3429 632 3496 inventa
659 3429 797 3496 fuerunt
818 3449 892 3496 cum
921 3429 1119 3516 euvangelio
1150 3429 1259 3496 sancti

218 3544 360 3623 Mathei,
385 3545 472 3614 sicut
492 3545 646 3633 superius
667 3549 720 3614 est
739 3544 938 3642 predictum.
995 3564 1000 3574 ·

589 3796 633 3846 DE
656 3796 784 3847 SANC'I'O
808 3797 895 3846 LUCA

123 4103 128 4112 .
265 4013 407 4080 Sanctus
423 4013 533 4080 Lucas
560 3988 794 4101 euvangeliste
820 4034 863 4079 ex
896 4015 1112 4100 septuaginta
1132 4012 1260 4080 duobus

222 4129 354 4195 Domini
370 4126 542 4216 discipulis
558 4129 635 4198 fuit.
652 4128 896 4217 Euvangelium
912 4129 1040 4197 Christi
1061 4129 1265 4216 conscripstt

1129 4245 1151 4312 l
