3164 5016
687 491 864 560 ...76-

329 631 523 700 Theohildis
541 632 642 702 rebus
657 633 865 705 nobilitando
883 636 966 715 suis,

328 749 434 838 cnjus
449 770 550 834 nuno,
575 752 655 826 iioet
670 752 734 820 hoo
748 773 868 840 oorpus
885 750 1062 821 claudatur
1081 753 1117 818 in
1134 757 1245 832 antro,

323 865 473 952 Spiritus
491 867 659 955 astrigero
674 869 761 936 uiuit
779 869 815 936 in
833 887 897 934 axe
912 870 992 946 Deo,

331 982 520 1069 Implorans
536 983 638 1051 rectis
657 984 849 1071 pastoribus
864 993 947 1072 euge
960 983 1106 1051 beatum.

327 1097 397 1164 Det
408 1098 615 1185 rapientibus
634 1100 714 1165 hino
733 1100 798 1166 heu
817 1099 824 1166 !
845 1098 935 1166 mala
949 1098 1052 1188 digna
1065 1102 1163 1168 Deus.

306 1214 404 1281 Vixit
429 1217 541 1281 autem
565 1217 801 1302 prenominata
823 1217 919 1303 virgo
942 1221 1060 1284 sancta
1080 1217 1301 1286 Theodeohil-

263 1329 333 1409 dis,
364 1330 401 1398 in
428 1329 493 1396 hoo
519 1331 630 1399 seculo
659 1336 814 1419 patrona
829 1335 948 1398 nostra
978 1331 1169 1410 laudabilis,
1204 1335 1303 1401 annis
1354 1333 1357 1339 ’

268 1447 484 1534 septuaginta
507 1448 651 1534 quinque
677 1446 772 1530 bonis
801 1433 955 1534 operibns
988 1447 1113 1528 dedita,
1129 1449 1171 1516 ad
1197 1452 1300 1518 Deum

267 1566 439 1634 transiens
461 1567 514 1633 oui
539 1568 719 1635 serviebat.
745 1568 816 1654 Ipsi
839 1568 907 1636 Deo
925 1568 1034 1635 honor
1054 1572 1088 1636 et
1110 1568 1219 1656 gloria
1241 1590 1302 1658 per

222 1685 259 1750 10
269 1682 382 1752 omnia
396 1681 508 1752 secula
524 1684 723 1764 seculorum,
745 1704 856 1752 amen.

403 1927 468 1986 HEC
497 1938 586 1987 SUNT
614 1938 746 1988 NOMINA
773 1938 936 1988 ABBA'I‘UM
958 1935 1166 1988 monnsrnun

505 2055 626 2104 senoni
650 2055 753 2104 PETRI
770 2055 842 2104 VIVI
865 2054 1067 2104 SENONENSIS

284 2165 328 2216 ΒΨ
347 2168 391 2218 bn
410 2168 553 2240 Aculeus
574 2171 620 2218 ET
651 2169 860 2219 SEPULTURIS
884 2167 1100 2228 anonumum
1117 2147 1291 2218 Ipsorum(

309 2383 543 2453 Amorraeus
573 2405 701 2454 PRIMUS
722 2403 829 2453 Annas
845 2403 952 2451 HUJUS
966 2400 1185 2452 MONAsnEnn.
1207 2382 1307 2448 Hunc

269 2500 411 2591 proiecit
423 2501 522 2570 beata
538 2501 794 2570 'theodechildis
810 2502 955 2590 primum
969 2499 1124 2568 abbatem
1138 2503 1307 2566 monaste·

266 2620 318 2686 rio
349 2619 465 2689 Sancti
492 2619 586 2688 Petri
614 2620 692 2687 vivi
718 2623 868 2707 tempore
883 2618 1052 2697 Glodovoi‚
1088 2617 1179 2705 regis
1207 2615 1306 2703 primi

272 2735 451 2803 christiani
465 2755 508 2802 ex
523 2734 658 2823 regibus
675 2737 892 2815 Francorum,
911 2733 1180 2822 temporibusque
1198 2733 1307 2800 saneti

270 2851 408 2930 Ernolii,
427 2851 629 2920 Senonensis
646 2853 901 2940 archiepiscopi,
918 2857 953 2920 et
969 2852 1078 2921 sancti
1095 2849 1228 2925 Felicis,
1247 2869 1307 2916 ur-

271 2965 323 3033 bis
338 2967 488 3034 Romane
514 2971 634 3036 summi
660 2967 839 3058 pontificis.
865 2969 929 3034 Hie
953 2967 1169 3036 Amalbertus
1185 2966 1221 3031 in
1237 2958 1305 3053 jain
1395 2982 1398 2987 ’

222 3093 260 3158 20
273 3081 362 3151 dioto
373 3086 579 3155 monasterio
591 3085 714 3154 multos
729 3084 911 3152 monachos
921 3083 1131 3172 aggregavit,
1147 3101 1229 3169 quos
1246 3080 1306 3147 sub

277 3197 410 3266 abbatis
428 3199 568 3288 irnperio
593 3201 750 3289 religiose
772 3203 886 3269 vivere
909 3201 1023 3268 docuit
1038 3200 1134 3266 bonis
1153 3195 1308 3285 operibus

276 3319 311 3383 et
328 3316 500 3405 exemplis,
520 3338 560 3386 ao
574 3318 706 3386 demum
723 3319 885 3407 migrauit
900 3335 921 3384 a
934 3318 1045 3385 seoulo
1062 3321 1097 3384 et
1111 3317 1147 3381 in
1171 3335 1308 3382 monas-

276 3433 364 3500 terio
380 3435 552 3523 sepelitur.

319 3551 528 3624 Aumuuuus.
548 3552 579 3619 A
602 3551 800 3640 quibusdam
822 3551 946 3620 dieitur
968 3553 1055 3640 quod
1079 3553 1169 3622 inter
1191 3554 1310 3621 Amal-

276 3673 409 3741 bertum
443 3672 479 3738 et
510 3667 713 3755 Aygilenum
740 3667 877 3735 fuerunt
908 3666 967 3733 alii
995 3668 1146 3737 abbates.
1184 3672 1309 3738 Tamen

277 3790 420 3857 domnus
433 3785 632 3874 Aygilenus,
650 3785 769 3872 plenus
791 3783 952 3866 moribuS,
975 3784 1181 3871 temporibus
1202 3771 1311 3851 saneti

278 3905 462 3981 Emmonis,
492 3902 695 3969 senonensis
727 3900 980 3988 archiepiscopi,
1012 3902 1121 3968 saneti
1158 3874 1310 3967 Audoeni
1391 3961 1392 3966 ,

278 4019 574 4107 Rothomageusis,
592 4017 701 4085 sancti
715 4017 857 4084 Feronis
870 4015 1064 4096 Meldensis,
1081 4019 1189 4084 saneti
1210 4017 1311 4105 Eligii

278 4134 524 4218 Nouiomeusis,
542 4137 576 4202 et
590 4135 699 4204 sancti
719 4132 864 4202 Amandi
879 4133 1107 4222 Tregetensis,
1124 4134 1312 4221 predictum
