3160 5016
731 484 929 550 ...282-

319 623 568 715 quomodolibet
580 632 797 715 procuratum
810 627 1062 716 judicatumque
1078 626 1162 692 solvi
1178 630 1213 695 et
1225 626 1353 713 judicio

316 744 405 826 sisti,
419 763 494 810 cum
512 743 582 809 suis
603 743 762 811 clausulis
778 743 976 830 opportunis
991 742 1169 809 universis.
1236 777 1238 782 ·

361 861 431 927 Nos
444 880 537 939 vero,
552 858 690 928 abbates
701 865 735 928 et
750 865 933 928 conventus
946 859 1081 947 prefati,
1099 859 1351 926 considerantes

316 981 350 1044 et
367 975 580 1044 attendentes
595 997 638 1043 ex
655 977 766 1043 animo
784 977 975 1065 quo,*juxta
989 976 1199 1063 Apostolum,
1217 977 1273 1062 qui
1298 996 1352 1042 se-

315 1095 423 1160 minat
442 1093 643 1180 temporalia
667 1097 793 1160 metere
832 1091 930 1160 debet
960 1093 1108 1170 celestia,
1136 1093 1353 1178 volentesque

316 1186 433 1276 nostra
447 1209 647 1296 temporalia
658 1210 693 1274 in
707 1209 899 1296 spiritualia
914 1210 1127 1288 commutari,
1146 1213 1180 1276 et
1199 1210 1260 1288 eiS,
1276 1229 1353 1295 quo·

315 1345 389 1391 rum
401 1324 569 1392 debitores
582 1345 709 1410 sumus,
727 1345 785 1392 eas
804 1345 887 1412 quas
902 1325 1051 1393 ualemus
1067 1325 1259 1413 impendere
1274 1346 1353 1413 pre-

316 1436 382 1522 ces,
401 1463 508 1530 prose
521 1447 556 1512 et
573 1443 821 1511 successoribus
836 1445 905 1510 suis
921 1465 1021 1511 unam
1040 1445 1354 1512 confraternitatem

317 1551 469 1627 indictis
491 1560 620 1627 nostris
640 1560 791 1626 ecclesiis
811 1558 853 1626 ad
876 1559 1037 1626 honorem
1063 1559 1204 1646 predicti
1227 1559 1356 1626 beatis·

316 1677 393 1742 simi
408 1675 562 1764 Gregorii
582 1675 872 1763 predictorumque
893 1681 1086 1743 sanctorum
1105 1677 1259 1744 caritatis
1279 1696 1355 1763 pro·

316 1792 472 1860 cedentes
497 1789 631 1870 affectu,
656 1792 811 1862 duximus
832 1793 1054 1861 ordinandam
1071 1797 1107 1860 et
1125 1791 1351 1870 statuendam,

315 1913 350 1976 et
381 1929 479 1996 quam
502 1929 562 1996 per
590 1914 764 1997 presentes
795 1909 988 1976 ordinamus
1019 1915 1053 1977 et
1086 1911 1268 1977 statuimus
1294 1928 1355 1996 pro

313 2026 400 2092 vivis
414 2023 543 2112 pariter
562 2030 596 2093 et
608 2025 787 2094 deffunctis
803 2025 1075 2094 benefactoribus
1092 2027 1219 2093 nostris
1236 2045 1275 2091 ac
1287 2026 1356 2090 illis

313 2141 368 2228 qui
387 2141 537 2208 ecclesiis
552 2143 679 2209 nostris
697 2146 732 2209 et
745 2144 961 2210 monasteriis
974 2143 1135 2231 predictis
1148 2143 1222 2228 pias
1236 2142 1356 2208 elemo-

312 2258 404 2326 sinas
419 2261 582 2344 grataque
603 2256 752 2324 subsidia
768 2278 807 2324 ac
824 2258 863 2324 de
880 2259 976 2324 bouis
993 2259 1062 2324 suis
1083 2279 1103 2324 a
1125 2260 1192 2325 Deo
1221 2257 1356 2325 collatis

310 2359 738 2462 erogaverint'manusque
759 2395 837 2440 suas
864 2375 1081 2462 porrexerint
1105 2373 1291 2450 adjutrices
1316 2393 1356 2440 ac

311 2489 461 2556 eamdem
483 2487 796 2557 confraternitatem
822 2490 1041 2568 intrantibus,
1058 2491 1149 2578 ipsos
1174 2494 1209 2557 et
1237 2466 1353 2557 eorum

311 2602 437 2672 amicos
451 2605 546 2671 vivos
558 2611 592 2672 et
608 2603 795 2672 deffunctos
811 2608 964 2673 volumus
987 2611 1021 2674 et
1047 2605 1244 2673 ordinamus
1269 2604 1354 2672 effici

310 2722 491 2809 participes
509 2722 612 2789 trium
632 2721 825 2800 missarum,
851 2723 885 2788 in
901 2722 1050 2808 quolibet
1068 2727 1263 2790 nostrorum
1282 2723 1355 2788 mo-

312 2841 537 2908 nasteriorum
555 2860 629 2905 cum
645 2844 747 2906 cantu
759 2838 1004 2908 celebratarum
1032 2823 1190 2919 cothidie,
1215 2859 1355 2926 quarum

312 2977 380 3024 uua
401 2956 590 3024 celebratur
604 2958 639 3022 in
657 2958 784 3024 honore
812 2958 1055 3046 gloriosissime
1070 2958 1214 3045 uirginis
1232 2957 1352 3034 Mario,

312 3074 380 3140 alia
395 3073 570 3140 inhonore
584 3076 731 3140 omnium
746 3079 941 3142 sauctorum
956 3079 991 3142 et
1006 3076 1074 3142 alia
1087 3095 1148 3162 pro
1161 3071 1353 3150 deffuuctis,

312 3209 352 3256 ac
367 3191 402 3255 in
414 3189 567 3256 omnibus
582 3190 676 3256 horis
701 3192 876 3258 nocturnis
903 3193 1098 3278 pariterque
1121 3190 1252 3259 diurnis
1266 3189 1356 3256 vide·

309 3305 389 3371 licet
404 3307 581 3372 matutinis
598 3307 748 3392 vesperis
766 3309 801 3373 et
814 3307 891 3372 aliis
908 3307 1078 3373 canonicis
1091 3306 1184 3373 horis
1198 3327 1267 3372 una
1281 3326 1355 3373 cum

311 3419 464 3486 omnibus
485 3425 520 3488 et
536 3421 679 3508 singulis
703 3421 779 3486 aliis
797 3421 1021 3517 oracionibus,
1034 3421 1187 3510 jejuniis
1213 3420 1352 3508 vigiliis,

312 3535 588 3603 meditationibus
618 3536 838 3610 abstinenciis
860 3543 894 3605 et
922 3537 998 3604 aliis
1025 3536 1254 3604 misericordie
1274 3557 1354 3624 ope-

312 3653 417 3728 ribus
438 3655 551 3740 quein
570 3653 671 3721 dictis
697 3655 912 3722 monasteriis
931 3659 965 3722 et
984 3654 1143 3720 membris
1157 3653 1198 3720 ab
1217 3644 1354 3721 eis'des·

312 3771 530 3840 candentibus
565 3776 599 3840 et
631 3771 918 3860 deppeudentibus
947 3793 986 3839 ao
1016 3773 1092 3839 aliis
1117 3772 1269 3839 ecclesiis
1295 3793 1352 3838 seu

312 3888 449 3975 capellis
470 3889 598 3956 nostris
624 3889 786 3975 nobisque
813 3888 956 3956 subditis
977 3888 1124 3955 cothidie
1147 3888 1245 3964 fiunt,
1271 3909 1352 3955 can-

310 4010 429 4074 tantur
448 4026 507 4072 seu
522 4004 747 4085 celebrantur,
777 4003 894 4073 autin
912 4005 1062 4073 futurum
1078 4004 1348 4074 celebrabuntur.

310 4123 473 4192 Volumus
485 4127 520 4194 et
538 4122 733 4196 ordinamus
749 4144 807 4197 eos
825 4128 860 4193 et
874 4124 1043 4197 intrantes
1064 4121 1351 4194 diotam'conlra-
