3160 5016
718 525 849 597 -arl
873 564 917 581 -

291 688 407 762 regem
423 667 637 752 Clodoveum,
664 673 721 759 qui
748 671 913 740 baberent
928 673 1008 751 Deo,
1036 671 1181 738 creatori
1197 673 1328 747 nostro,

291 789 553 876 beatissimeque
564 788 689 878 virgini
699 789 820 868 Maris,
835 789 1030 877 ejusmoni,
1043 807 1083 854 ac
1097 788 1162 855 toti
1176 787 1267 852 curie
1282 805 1333 852 oe·

291 905 369 975 lesti
385 907 420 973 in
432 906 548 973 eadem
570 899 752 985 deservire,
769 905 964 993 fructusque
978 907 1161 992 proventus
1182 897 1330 990 ejusdem

293 1044 382 1090 nuno
416 1023 499 1091 adeo
534 1024 604 1091 sint
632 1024 682 1090 ita
709 1028 839 1102 tenues,
874 1021 960 1109 quod
993 1023 1053 1088 vix
1078 1035 1139 1088 scm
1165 1019 1328 1106 religiosi,

289 1141 346 1226 qui
359 1138 507 1206 cotbidie
522 1139 556 1204 in
572 1137 688 1204 eadem
702 1139 843 1205 ecclesia
854 1139 957 1204 horas
964 1137 1143 1204 canonicas
1157 1135 1211 1201 die
1221 1140 1331 1200 nocte·

292 1274 355 1342 que
378 1259 448 1322 tam
472 1252 513 1320 de
533 1255 601 1320 Deo
621 1273 720 1339 quam
744 1232 784 1320 de
804 1254 881 1341 ipsa
890 1249 951 1320 Dei
965 1253 1128 1340 genitrice
1144 1251 1253 1316 Maria
1270 1247 1332 1314 de·

291 1376 444 1449 cantant,
465 1369 673 1437 substentari
694 1389 753 1434 seu
773 1387 833 1435 sue
854 1371 924 1437 rite
945 1347 1252 1437 substantacionem
1268 1366 1329 1432 ha-

290 1484 368 1553 bere
383 1490 565 1573 nequeunt,
582 1503 686 1552 causa
701 1483 937 1552 diminutionis
952 1485 1101 1572 ipsorum
1123 1481 1327 1560 reddituum,

290 1606 329 1669 ut
357 1601 565 1691 predicitur;
591 1603 627 1668 in
651 1602 832 1689 eademque
865 1601 1017 1682 ecclesia,
1048 1597 1255 1687 temporibus
1274 1617 1330 1663 re-

289 1719 433 1785 troactis
452 1722 486 1785 et
505 1717 688 1798 modernis
716 1739 777 1807 per
802 1719 910 1805 ipsam
936 1716 1166 1784 beatissimam
1185 1713 1328 1780 Mariam
1429 1765 1431 1768 .

290 1838 390 1923 atque
418 1833 632 1902 beatissimos
662 1835 881 1932 Sapinianum
908 1838 943 1901 et
972 1827 1329 1910 Pote1roianum,Alti·

287 1969 432 2038 numque
446 1957 480 2018 ct
500 1949 732 2018 beatissimum
759 1949 959 2038 Gregorium
982 1948 1152 2037 predictos
1179 1952 1214 2014 et
1244 1945 1328 2012 alios

286 2086 427 2153 quorum
443 2068 583 2154 spiritus
599 2073 635 2137 ot
647 2069 757 2134 anime
777 2067 921 2134 feliciter
937 2066 1082 2134 laureati
1103 2085 1177 2132 eum
1198 2064 1328 2152 angelis

285 2183 510 2272 triumphant,
538 2183 643 2251 lilium
664 2204 793 2272 quoque
818 2185 877 2250 Dei
902 2184 1010 2272 patris
1027 2181 1233 2261 collaudant,
1251 2201 1328 2248 cor-

285 2317 368 2386 pora
381 2319 461 2366 vero
477 2304 511 2367 et
528 2299 669 2386 reliquie
681 2299 793 2386 quiete
809 2303 971 2387 perpetua
993 2299 1028 2364 in
1042 2297 1194 2387 predicta
1210 2301 1328 2364 nostra

285 2414 426 2480 ecclesia
454 2415 681 2501 requiesount‚
711 2414 808 2502 plura
839 2420 873 2483 ct
899 2415 1077 2480 innumera
1096 2413 1260 2480 miracula
1287 2412 1327 2478 de

285 2530 338 2597 die
358 2531 393 2597 in
413 2530 500 2598 diem
525 2531 621 2611 fiunt,
644 2531 724 2598 hinc
744 2536 798 2599 est
820 2530 919 2618 quod,
943 2531 1011 2597 biis
1024 2536 1058 2599 et
1081 2529 1234 2597 omnibus
1251 2530 1327 2596 aliis

284 2647 529 2727 consideratis,
562 2649 731 2735 certisque
755 2648 866 2714 causis
910 2668 972 2714 nos
996 2652 1031 2715 et
1065 2648 1215 2713 animum
1246 2666 1327 2712 nos-

282 2769 374 2833 trum
391 2765 434 2832 ad
453 2766 517 2834 boc
531 2766 760 2856 moventibus,
780 2764 905 2833 dictam
929 2764 1246 2833 confraternitatem
1267 2785 1326 2830 scu

283 2881 504 2952 confratriam
515 2882 725 2951 instituimus
736 2887 771 2950 et
786 2881 1015 2950 ordinavimus
1029 2902 1069 2948 ac
1078 2901 1138 2969 per
1151 2885 1326 2968 presentes

284 2999 464 3068 statuimus
491 3007 526 3069 et
547 3000 742 3066 ordinamus
766 2998 864 3066 modo
892 3005 929 3069 et
951 2998 1060 3067 forma
1082 2998 1257 3088 protectis.

327 3119 383 3198 Et,
408 3124 446 3187 ut
462 3120 582 3187 horum
606 3119 848 3208 premissorum
864 3118 992 3186 ueritas
1012 3115 1166 3184 omnibus
1187 3113 1327 3202 patefiat

282 3232 437 3302 fidelibus
463 3235 676 3325 presentibus
697 3242 731 3303 et
751 3235 887 3320 futuriS,
905 3236 1018 3302 omnia
1038 3239 1072 3302 et
1090 3232 1223 3321 singula
1247 3252 1326 3319 pre-

282 3352 461 3439 missaque
474 3352 615 3419 fecimus
631 3351 674 3419 ad
689 3353 738 3418 rei
753 3358 913 3440 perpetue
923 3357 958 3419 et
976 3351 1107 3418 veracis
1128 3349 1324 3418 memoriam

280 3474 456 3556 presentes
472 3470 608 3539 litteras
628 3489 686 3536 seu
708 3489 847 3556 presens
866 3469 1129 3536 instrumentum
1145 3485 1204 3554 per
1226 3471 1327 3533 nota-

281 3586 352 3652 rios
361 3586 511 3674 publicos
525 3586 732 3674 subscriptos
747 3587 876 3673 signari
892 3590 926 3653 et
943 3583 1120 3663 subscribi,
1138 3604 1178 3650 ac
1189 3584 1224 3648 in
1239 3581 1326 3648 hanc

279 3701 447 3790 publicam
467 3703 610 3770 formam
625 3701 748 3790 redigi,
764 3707 1027 3788 nostrorumque
1044 3701 1232 3788 sigillorum
1246 3718 1326 3786 pro-

278 3821 429 3907 priorum
445 3819 589 3887 fecimus
605 3823 640 3888 et
655 3819 888 3887 mandavimus
903 3819 1056 3886 roborari
1068 3819 1264 3885 munimine.

326 3937 448 4004 Datum
468 3939 503 4004 et
521 3941 634 4005 actum
651 3935 686 4001 in
707 3936 854 4024 capitulo
877 3940 1009 4016 nostro,
1030 3935 1127 4004 nobis
1145 3932 1268 4002 ibidem
1283 3934 1325 4000 ad

280 4070 399 4118 sonum
412 4072 574 4141 campane
590 4057 729 4142 propter
742 4053 807 4120 hoc
820 4053 1036 4141 congregatis
1052 4058 1087 4121 et
1105 4051 1326 4141 capitulanti-

280 4167 341 4236 bus
359 4189 449 4238 anno
474 4171 607 4238 Domini
625 4170 805 4239 millesimo
822 4170 1154 4260 quadringentesimo
1182 4189 1325 4258 sexage-
