3168 5012
642 455 899 601 f-rae-
1001 589 1011 606 ·

539 721 657 769 tumus
680 719 793 766 nnana
816 718 890 766 orus
913 718 1000 765 xxxi
1064 703 1070 715 ’

294 890 322 955 I.
341 925 384 942 -·
399 887 576 955 Kalendis.
593 919 638 936 ..
656 884 781 953 Octabe
795 884 910 952 Sancti
925 883 1104 950 iohannis.
1127 881 1190 948 Ob.

204 1086 206 1089 Ι
293 1003 326 1068 2.
349 1037 394 1052 -
413 1002 462 1067 VI
482 1003 571 1068 Non.
594 1039 638 1050 -
659 980 752 1067 Obiit
772 1001 938 1087 Magister
953 999 1080 1066 Petrus
1101 997 1142 1064 de
1165 997 1291 1064 Cham-

249 1118 416 1205 pigniaro,
438 1117 618 1183 canonicus
638 1115 854 1195 Senonensis,
876 1134 936 1202 pro
951 1134 1016 1200 quo
1032 1113 1135 1180 habet
1149 1133 1291 1181 conuen-

248 1237 304 1299 tus
324 1231 410 1318 apud
431 1231 671 1320 Saligniaoum,
686 1250 786 1316 super
798 1229 1022 1296 hereditatem
1038 1228 1132 1295 Petri
1151 1227 1193 1294 de
1213 1228 1293 1294 Bel·

249 1345 396 1423 la·Auia,
418 1346 612 1432 presbiteri,
645 1346 706 1411 xix
722 1364 750 1412 s.
769 1349 785 1412 t
804 1395 812 1423 ,
835 1344 936 1411 xiid.
958 1344 1156 1410 elemosina.

280 1472 335 1518 llud
355 1470 554 1518 anniversarium
578 1473 733 1529 eomputatur
753 1471 784 1517 ad
806 1470 895 1518 festum
914 1469 1198 1517 Omnium-Sanctorum
1218 1471 1241 1514 el
1259 1467 1290 1514 ad

249 1548 448 1609 Purifloatiouem
464 1562 532 1610 beate
546 1561 630 1609 Mario.

294 1662 326 1728 3.
350 1696 395 1711 -
413 1663 444 1726 V
465 1663 553 1728 Non.
573 1698 618 1710 —
634 1660 727 1727 Obiit
741 1660 910 1739 Johanna,
932 1681 993 1747 pro
1013 1680 1079 1745 qua
1094 1658 1197 1726 habet
1216 1679 1292 1725 oon-

249 1782 371 1844 ventus
393 1777 429 1841 iii
451 1795 477 1841 s.
500 1797 532 1863 p.
553 1795 653 1862 super
664 1777 798 1841 vineam
821 1777 1047 1857 continentem
1065 1775 1135 1840 tria
1154 1780 1293 1859 quarte-

249 1891 302 1955 ria
322 1891 357 1954 in
378 1890 557 1962 territorio,
584 1889 624 1954 de
649 1888 796 1955 Maleoto
822 1891 912 1955 inter
938 1891 1071 1954 vineam
1098 1891 1234 1957 Marnet
1259 1894 1294 1956 et

249 2002 439 2095 cheminum
471 2008 506 2069 et
531 2005 620 2068 inter
646 2003 763 2067 vineas
792 2002 899 2066 Belini
929 2007 962 2069 et
980 2003 1165 2089 Eiguisart,
1198 2005 1293 2070 utin

249 2114 374 2181 litteris
398 2115 602 2181 Senonensis
619 2117 711 2181 curie
731 2117 934 2183 continetur.

282 2227 367 2275 Simon
386 2230 469 2276 Bodet.

280 2318 388 2365 Johanin
398 2319 474 2365 Bodot
487 2319 551 2366 xviii
562 2333 587 2379 p.
598 2345 627 2354 -
639 2321 733 2366 Falisot
746 2320 826 2366 Bodot
837 2326 860 2366 et
871 2321 990 2380 Babelon,
1001 2334 1030 2367 sa
1041 2335 1109 2380 seur,
1125 2323 1215 2370 debent
1228 2323 1257 2367 tii
1270 2335 1292 2367 s.

247 2420 305 2463 par,

255 2548 258 2556 .
294 2498 327 2560 4.
355 2533 410 2567 -,
425 2497 494 2562 IIII
522 2499 610 2564 Non.
640 2535 683 2545 -
699 2497 865 2566 Obierunt
880 2495 1067 2565 Gilibertus
1090 2499 1131 2564 de
1148 2500 1292 2569 Sancto-

251 2611 447 2679 Florentino
472 2616 506 2679 et
525 2615 652 2691 Annes,
671 2615 743 2700 ejus
759 2634 855 2693 uxor,
877 2635 936 2700 pro
953 2615 1072 2700 quibus
1089 2614 1192 2683 habet
1208 2636 1290 2682 oon·
1312 2677 1314 2680 .

250 2732 371 2792 ventus
388 2728 423 2792 in
439 2726 542 2793 bursa
561 2729 692 2795 abbatis
714 2730 774 2793 xiii
790 2749 816 2816 s.
837 2735 879 2806 t.,
896 2731 978 2795 xviii
992 2729 1187 2807 elemosina,
1207 2732 1290 2796 xviii

250 2841 280 2905 d.
298 2842 501 2931 pulsatores.

294 2959 379 3024 Item
397 2957 480 3024 obiit
495 2958 662 3046 Ansellus‚
680 2959 788 3035 miles,
806 2958 846 3022 de
859 2957 1049 3044 SalignacO,
1068 2979 1128 3044 pro
1155 2980 1220 3045 quo
1231 2960 1290 3025 ha-

252 3071 307 3140 bet
329 3082 527 3152 conventus,
540 3095 640 3160 super
658 3076 791 3141 domum
811 3078 890 3141 ante
906 3075 1148 3141 monasterium
1162 3075 1291 3142 Sancti-

250 3165 606 3276 Petri-de·Dongione,
632 3191 692 3256 viii
716 3210 743 3255 s.
772 3212 819 3277 p.,
837 3190 885 3254 xii
902 3189 934 3254 d.
963 3189 1159 3268 elemosina,
1183 3191 1233 3255 xii
1254 3191 1286 3256 d.

252 3304 454 3388 pulsatores

283 3417 371 3465 Abbas.

294 3508 325 3572 5·
346 3542 389 3598 ᾗ
408 3507 461 3573 III
479 3506 569 3573 Non.
594 3544 637 3554 ···
662 3505 724 3574 Ob.
796 3585 798 3590 Ι
1169 3543 1173 3556 “

293 3622 325 3686 6.
347 3658 390 3668 -
411 3621 444 3686 ΙΙ
462 3621 549 3687 Non.
576 3659 619 3668 —
643 3620 769 3688 Octabe
788 3623 1059 3708 Appostolorum.
1079 3623 1140 3692 Ob.

294 3738 326 3801 7.
350 3774 393 3783 -
413 3737 533 3801 Nonis.
555 3773 599 3782 -
620 3735 680 3802 Ob.

291 3852 324 3916 8.
359 3883 399 3900 -
428 3850 494 3916 Yd.
525 3889 567 3901 -
595 3850 759 3918 Obierunt
779 3852 947 3919 tharius
976 3860 1011 3921 et
1038 3853 1223 3922 Gilibortus
1249 3858 1289 3923 de

253 3967 359 4044 Bessi,
370 3986 430 4053 pro
448 3967 566 4053 quibus
582 3967 685 4034 habet
698 3974 895 4048 conventus,
914 3991 1013 4057 super
1029 3969 1163 4037 domum
1178 3971 1218 4037 de
1231 3992 1290 4038 rue
1343 3995 1346 4001 ·

251 4079 380 4163 d'Erse,
397 4103 420 4148 v
436 4103 461 4148 s.
487 4102 575 4174 par„
596 4084 629 4152 vi
645 4080 677 4152 d.
701 4083 896 4167 elemosina,
908 4084 1209 4184 uio-pulsatores
