3168 5012
756 524 957 592 -240-

381 719 446 768 HEC
470 720 558 770 SUNT
582 719 735 770 GOSTUME
767 723 834 780 Qua
863 721 977 770 RECIPI
1009 722 1143 771 DEBENT
1173 721 1244 770 CUM
1266 707 1372 771 CENSU

336 836 427 884 APUD
440 835 822 886 pommus-supsmommm
835 838 893 886 DIE
904 837 1068 888 commea
1084 839 1167 887 Pos‘r
1189 837 1373 887 Nummus-

340 953 410 1001 Tum
438 953 560 1003 DOMINI
581 953 648 1001 PRO
671 954 920 1003 ANNIVERSARIO
943 953 1105 1004 mafflsual
1129 953 1283 1014 summus,
1310 955 1373 1002 Du-

338 1070 417 1118 cam
432 1070 655 1120 NWERNENSIS
670 1070 759 1128 QUOD
779 1071 835 1119 m*
854 1071 889 1119 IN
902 1071 1083 1120 JANUARIO.

380 1232 448 1299 Pro
462 1230 573 1312 vinca,
590 1234 658 1301 sita
672 1235 708 1299 in
727 1235 900 1301 territorio
925 1235 966 1300 dc
988 1234 1228 1314 Bello-Monte,
1245 1235 1281 1300 in
1299 1234 1372 1302 loco

338 1350 394 1436 qui
413 1349 538 1416 dicitur
553 1348 595 1416 ad
615 1336 779 1437 Amanus,
793 1350 895 1436 juxta
911 1351 1044 1418 uincam
1071 1351 1227 1438 Symonis
1248 1351 1373 1416 Jarrici

338 1466 490 1531 iminam
505 1469 540 1533 at
556 1466 568 1530 i
584 1467 756 1532 minellum
776 1467 868 1533 ordei
887 1471 921 1534 et
939 1487 1011 1534 xxx
1025 1467 1058 1534 d.
1079 1488 1140 1554 pro
1160 1448 1293 1554 sequela
1312 1485 1372 1554 pro

339 1601 406 1649 una
429 1587 580 1649 costuma
596 1586 630 1650 et
646 1582 795 1649 dimidia.

368 1707 492 1768 Jchanua,
504 1707 590 1756 relicta
601 1706 710 1756 Collardi
723 1709 752 1757 ds
764 1708 872 1757 Collons.
887 1709 950 1773 [Gilo
966 1709 1058 1757 Burelli
1067 1709 1097 1757 da
1109 1708 1207 1770 Capella
1222 1709 1271 1757 Fau
1282 1709 1374 1770 Payuu.

337 1798 372 1844 us
389 1793 438 1859 sa]

381 1897 449 1964 Pro
467 1899 569 1966 vinca
585 1900 652 1966 sita
667 1901 702 1964 in
721 1899 836 1966 eudem
847 1899 1021 1967 territorio
1036 1900 1071 1964 in
1086 1899 1158 1965 loco
1171 1899 1227 1984 qui
1248 1883 1373 1966 dicitur

337 2012 379 2080 ad
404 2015 558 2101 Arpanta
574 2015 806 2084 Belli-Montis
817 2016 917 2105 juxta
936 2015 1163 2102 supradictam
1185 2016 1318 2102 vincam
1338 2021 1372 2083 et

332 2131 434 2218 juxta
448 2132 580 2198 vineam
594 2130 747 2199 chabou.
766 2131 835 2207 Qua
853 2118 964 2211 vinea,
987 2133 1036 2198 sic
1054 2132 1132 2210 sita,
1156 2129 1221 2196 fuit
1239 2130 1373 2197 Andros

337 2249 378 2312 de
389 2247 577 2335 Alta-Ripa
592 2268 693 2314 unam
709 2249 834 2313 minam
850 2253 885 2316 ct
905 2269 1007 2315 uuum
1031 2250 1203 2314 minellum
1218 2246 1310 2312 ordei
1339 2253 1373 2314 et

336 2382 408 2428 xxx
422 2362 455 2428 d.
470 2368 496 2430 t.
514 2383 574 2450 pru
592 2364 727 2449 sequela
748 2385 810 2452 pro
825 2384 893 2431 una
911 2369 947 2431 ct
963 2363 1102 2432 dimidia
1118 2369 1281 2432 costuma.
1322 2459 1323 2462 Ἴ

365 2488 489 2546 Juquinus
504 2487 606 2536 Hamus.

365 2578 496 2624 «lohannes
507 2578 619 2625 cartauc.

381 2676 448 2742 Pro
471 2675 568 2742 domo
581 2683 615 2743 et
629 2679 703 2744 tota
716 2677 895 2763 porprisia‚
925 2677 999 2744 sitis
1023 2677 1059 2741 in
1079 2676 1167 2743 valle
1190 2675 1231 2742 dc
1252 2675 1373 2743 Ponti-

336 2792 674 2880 bus-super·Yonam,
695 2812 758 2878 quc
772 2791 889 2859 domus
904 2798 956 2859 est
974 2794 1063 2862 inter
1086 2793 1219 2858 domum
1244 2813 1264 2859 a
1283 2793 1372 2859 Gruc

335 2914 371 2976 at
385 2908 519 2975 domum
533 2909 605 2989 Dia,
623 2928 684 2997 pro
699 2908 827 2976 duabus
850 2910 1025 2989 costumis,
1047 2910 1071 2975 ii
1092 2910 1200 2974 minas
1220 2908 1325 2986 ordei,
1348 2909 1373 2974 ii
1444 2909 1447 2914 ’

337 3025 482 3112 gallinas
499 3028 536 3091 in
557 3025 673 3092 valore
693 3026 744 3092 xii
764 3025 812 3104 d.‚
833 3026 857 3092 ii
880 3046 996 3114 panes,
1022 3027 1045 3090 ii
1073 3025 1224 3092 sextaria
1242 3025 1325 3103 vini,
1348 3025 1372 3091 ii

336 3160 499 3227 corvcyas
518 3147 553 3208 ct
569 3143 617 3207 xii
631 3162 704 3229 par.
722 3162 854 3208 census.

368 3265 458 3314 Odalus
466 3267 600 3324 Andriaus,
612 3267 770 3327 iminellum,
780 3267 933 3314 medietatum
942 3266 1044 3326 gallina,
1055 3265 1208 3314 medietatem
1221 3265 1305 3328 punis,
1313 3278 1370 3314 ma·
1440 3299 1446 3308 .

337 3354 450 3404 dietatem
460 3358 561 3405 sextarii
572 3357 627 3405 vini
643 3361 666 3406 at
679 3357 811 3406 mediatem
825 3369 985 3418 ccrvcyarum
1000 3360 1024 3404 et
1039 3355 1158 3416 ussup.
1172 3367 1270 3404 census.

366 3447 496 3493 Joharmes
509 3448 618 3506 Gueunc.

368 3534 423 3583 Gilo
435 3536 564 3598 La'ngoim.

367 3625 502 3675 Gaura-idus
513 3628 622 3675 Morusau
632 3631 655 3675 st
666 3628 791 3676 Johanuas
801 3625 898 3677 Pilatus.

382 3726 452 3791 Bou
470 3728 517 3792 cla
529 3727 717 3793 d’Armc'cu.

379 3843 511 3910 Summe
527 3845 566 3910 ule
581 3845 678 3928 l'oryc
694 3849 731 3910 vi
746 3848 863 3909 sctiers
878 3853 909 3908 cc
921 3847 935 3907 c'
949 3847 1089 3908 maceca
1100 3840 1219 3926 d'orqc.

380 3967 512 4037 Summe
526 3971 566 4036 dc
583 3972 724 4054 l'urqeac
739 3975 813 4036 muic'
824 3990 852 4035 s.
