3164 5016
672 555 849 624 ..37-

243 698 338 766 aulas
349 697 391 765 de
403 696 591 774 infirmaria
605 717 679 764 cum
692 697 821 766 duabus
835 699 922 771 aulis
933 697 974 764 ad
987 697 1281 785 hospitesabbatis

241 821 277 884 et
296 835 371 882 cum
388 813 532 902 quadam
548 820 646 900 parte
669 813 859 883 dormitorii
875 816 1053 883 renovavit
1072 815 1281 882 lambrcssiis
1370 816 1374 834 ¹

243 937 277 1000 et
295 932 450 1021 picturis.
466 934 550 998 Tres
569 951 721 999 cameras
734 953 839 1001 novas
858 932 1043 1000 infirmarie
1063 952 1138 999 cum
1155 952 1283 1020 appen-

241 1049 351 1130 diciis,
379 1048 546 1124 torcular,
564 1069 638 1114 cum
663 1047 760 1116 domo
789 1069 876 1116 noua
905 1048 1059 1136 desuper,
1085 1047 1280 1136 granchiam

241 1165 283 1231 ad
308 1165 421 1244 lenum
434 1184 554 1232 novam
570 1185 644 1231 cum
666 1165 808 1232 stabulis
824 1165 914 1234 inter
934 1165 1059 1234 dictam
1083 1166 1279 1253 granchiam

241 1284 276 1348 et
293 1279 419 1346 dictum
433 1279 597 1358 torcular,
623 1279 729 1347 altum
751 1281 907 1347 horreum
924 1301 1047 1348 novum
1063 1302 1138 1348 cum
1155 1301 1278 1370 magno

241 1398 471 1484 promptuario
497 1374 624 1476 subter,
653 1417 821 1465 cameram
840 1399 1067 1466 elemosinarii
1086 1397 1128 1465 ad
1147 1403 1280 1487 portam

242 1517 276 1581 ct
291 1532 458 1580 cameram
479 1532 581 1600 prope
596 1533 671 1579 cum
686 1515 828 1580 cameris
843 1513 997 1603 desuper,
1020 1517 1195 1602 coquinam
1218 1515 1281 1584 ab-

241 1629 330 1697 batis
356 1619 476 1698 novam
495 1650 568 1696 cum
587 1629 792 1717 appendiciis
817 1632 913 1697 novis
939 1636 974 1700 et
998 1631 1221 1718 disperseris,
1246 1639 1281 1701 et

239 1745 374 1815 domum
390 1746 479 1812 sedis
499 1747 662 1834 prepositi
683 1766 804 1814 novam
823 1749 974 1814 construi
994 1748 1075 1816 fecit
1094 1749 1280 1837 sumptibus
1292 1743 1331 1808 10

240 1867 275 1930 et
289 1863 416 1929 labore.
441 1863 558 1928 Muros
580 1861 728 1940 abbacie,
755 1863 810 1948 qui
830 1867 931 1930 antea
946 1869 1045 1931 erant
1063 1864 1155 1932 bassi
1169 1871 1204 1933 et
1220 1866 1280 1932 de-

240 1979 337 2058 biles,
361 1982 399 2046 ut
420 1983 572 2065 apparet,
594 1998 654 2066 per
677 1980 854 2046 circuitum
880 1981 1067 2048 renovavit.
1091 1982 1213 2050 Domus
1239 1983 1280 2049 de

241 2096 411 2180 Bessiaco,
434 2095 475 2161 de
489 2093 648 2172 Ciconiis,
666 2094 706 2160 de
722 2095 939 2183 Servigniaco
965 2102 998 2164 et
1021 2097 1061 2162 de
1086 2097 1211 2164 Pareto
1226 2098 1279 2164 vel

239 2231 282 2278 ex
317 2229 402 2276 novo
432 2209 583 2276 construi
614 2209 696 2280 fecit
719 2211 773 2277 vel
804 2213 983 2290 renovari,
1014 2219 1155 2300 excepta
1180 2213 1278 2282 domo

239 2345 339 2414 quam
356 2325 459 2392 abbas
472 2325 597 2413 Symon
613 2325 686 2392 fieri
700 2327 782 2396 fecit
798 2326 885 2414 apud
901 2329 1074 2408 Paratum,
1092 2334 1127 2398 et
1139 2337 1278 2419 excepto

239 2442 436 2530 appendicio
472 2443 512 2509 de
550 2443 767 2532 Servigniaoo
805 2465 879 2510 cum
917 2446 982 2512 hoc
1014 2446 1099 2533 quod
1135 2446 1277 2514 domnus

237 2558 384 2626 lacobus
414 2559 456 2626 de
469 2558 731 2648 Champigniaco
758 2563 794 2627 in
814 2563 906 2641 Bria,
928 2567 1047 2630 nostor
1060 2563 1175 2643 abbas,
1193 2563 1275 2632 fecit

237 2678 313 2746 fleri
331 2676 419 2766 apud
434 2677 598 2745 Ciconias.
624 2679 801 2748 Prodictus
818 2680 921 2747 abbas
937 2681 1120 2750 Gausridus
1137 2703 1275 2770 posses-

238 2795 350 2862 siones
366 2793 527 2882 quasdam
546 2797 581 2859 in
597 2796 777 2881 parrochia
790 2795 831 2862 de
846 2797 1011 2891 Pontibus
1027 2819 1127 2885 super
1140 2801 1272 2866 Yonam

239 2910 320 2978 emit
350 2930 411 2998 pro
438 2930 498 2976 suo
526 2912 760 2978 anniversario
790 2911 954 2980 faciendo.
980 2914 1072 2982 Obiit
1099 2935 1179 2983 vero
1208 2918 1272 2984 VI⁰
1286 2913 1325 2976 20

238 3026 411 3094 Kalendas
430 3029 570 3112 dupusti
589 3026 634 3117 (l)
651 3029 685 3094 in
701 3028 755 3094 die
771 3029 905 3116 Septem
926 3031 1170 3100 Dormientium
1185 3053 1274 3102 anno

240 3147 372 3214 Domini
392 3145 444 3212 Μο
466 3144 532 3212 000
550 3147 756 3235 octogesimo
778 3147 898 3234 primo,
922 3145 1052 3234 fuitque
1074 3149 1165 3217 inter
1193 3151 1275 3219 cho·

237 3281 312 3328 rum
334 3261 573 3330 monachorum
590 3267 625 3336 et
642 3263 779 3350 gradus,
797 3283 858 3350 per
877 3284 960 3350 quos
979 3264 1021 3331 ad
1043 3266 1150 3335 altaro
1166 3269 1274 3358 majus

238 3377 444 3457 ascenditur,
470 3377 670 3446 tumulatus.
693 3380 804 3466 Ipsius
825 3380 938 3448 anima
956 3381 991 3446 in
1016 3401 1098 3468 pace
1111 3390 1274 3470 perpetua
1320 3444 1325 3450 .

237 3496 438 3582 requiescat,
454 3515 561 3562 amen.

280 3631 403 3680 ernon.
421 3613 485 3679 Hic
499 3611 565 3680 fuit
578 3611 618 3679 de
631 3611 790 3680 Garolooo
805 3614 840 3679 iu
862 3615 1073 3704 Bur-gordia,
1088 3617 1142 3686 uir
1153 3638 1273 3706 magne

236 3729 488 3816 generositatis,
506 3729 649 3818 simplex
665 3734 700 3798 et
714 3731 835 3798 mittis.
857 3732 922 3798 Per
936 3738 1078 3802 mortem
1098 3733 1183 3800 bone
1202 3755 1274 3802 me-

236 3847 341 3913 morie
360 3845 473 3912 domni
493 3845 660 3926 Gaufridi,
685 3852 801 3914 nostro
829 3851 1035 3917 monasterio
1053 3851 1199 3937 pastoris
1218 3871 1274 3918 so·

264 4121 302 4186 (l)
317 4123 349 4171 (lo
365 4125 443 4172 mota
458 4125 496 4173 dte
511 4125 592 4184 ajould
613 4137 658 4186 par
678 4126 704 4174 lu
721 4125 800 4174 memo
816 4128 886 4176 main
899 4129 943 4188 qui
957 4143 972 4177 s
988 4128 1034 4178 leit
1051 4130 1086 4178 les
1101 4131 1224 4180 additions
1239 4146 1272 4182 au

239 4213 365 4278 catalogue
379 4213 550 4279 dostvtquos.
567 4216 605 4266 On
618 4217 684 4274 erait
699 4217 871 4280 u’abordecrit
883 4231 929 4284 pur
941 4233 1024 4271 curcur
1036 4222 1118 4273 duait.
