3180 5012
675 537 899 629 -21-'

244 709 364 776 timum
384 707 503 774 habuit
526 726 601 774 cum
626 721 690 792 quo
705 703 864 794 Pylatum
887 708 1017 775 nutrire
1041 705 1132 774 fecit.
1156 707 1284 774 Videns

245 828 357 892 autem
375 823 518 910 Pylatus
536 823 724 911 legitimum
750 823 856 889 tilium
876 824 1053 901 cariorem,
1071 823 1281 902 nobiliorem,

246 940 419 1006 meliorem
432 942 467 1005 et
482 937 670 1017 fortiorem,
687 938 815 1005 invidia
830 943 940 1006 motus
951 939 1060 1026 ipsum
1072 939 1221 1007 latenter
1235 940 1284 1004 in-

240 1053 387 1122 terfecit.
402 1055 476 1120 Rex
490 1073 590 1139 super
605 1055 669 1120 hoc
681 1056 791 1122 iratus
802 1055 962 1141 Pylatum
977 1075 1040 1142 pro
1055 1054 1184 1122 tributo
1195 1055 1282 1141 quod

242 1169 418 1235 annuatim
453 1169 615 1234 Romanis
643 1168 785 1238 debebat
812 1171 847 1236 in
878 1170 1026 1237 obsidem
1053 1159 1159 1237 misit,
1191 1172 1284 1236 Tunc

242 1284 404 1370 temporis
421 1288 497 1350 erat
510 1285 613 1350 Rome
630 1284 721 1349 filius
735 1286 827 1372 regis
845 1287 1052 1352 Francorum
1071 1305 1169 1371 quem
1187 1291 1284 1373 pater

244 1401 384 1466 Romam
404 1399 545 1465 miserat
568 1418 627 1485 pro
652 1400 792 1467 tributo.
813 1401 900 1467 Huic
925 1402 1069 1488 Pylatus
1094 1402 1283 1468 associatus

241 1515 359 1583 videns
372 1516 480 1601 ipsum
496 1535 531 1580 se
546 1516 709 1581 cariorem
732 1521 843 1583 motus
862 1518 990 1584 invidia
1006 1518 1190 1605 jugulavit.
1211 1519 1283 1592 Qua

242 1629 283 1696 de
302 1627 457 1696 causa-in
478 1631 628 1696 Ponthos
650 1632 773 1696 missus
793 1631 858 1699 fuit
879 1636 913 1697 et
938 1632 1015 1698 inde
1036 1633 1203 1699 Penthius
1220 1653 1283 1699 no-

243 1767 318 1812 men
338 1745 491 1832 sumpsit.
513 1745 664 1810 Audiens
684 1766 766 1813 vero
783 1747 934 1813 Herodes
951 1749 1038 1833 quod
1060 1754 1280 1836 gentemtam
1295 1733 1332 1802 10

241 1861 385 1927 ferocem
401 1860 616 1947 subjugasset
627 1881 688 1947 pro
700 1881 739 1927 eo
756 1863 849 1954 misit
862 1868 895 1929 et
911 1863 961 1927 illi
979 1884 1078 1950 super
1090 1865 1108 1928 J
1112 1863 1230 1930 udeam
1246 1870 1281 1933 et

240 1975 452 2042 iherusalem
476 1975 619 2042 tradidit
641 1977 747 2042 vicem
779 1997 885 2042 suam.
908 1979 983 2056 Qui,
1003 1999 1076 2044 curn
1104 1980 1278 2065 pecuniam

183 2132 186 2138 ·
240 2090 519 2156 innumerabilem
550 2095 803 2178 congregasset,
832 2083 1004 2160 nesciente
1035 2094 1180 2173 Herode,
1210 2096 1280 2162 Ro-

241 2227 328 2272 mam
346 2205 431 2272 adiit
445 2209 479 2272 et
499 2205 586 2291 quod
606 2205 646 2271 ab
664 2204 798 2272 Herode
814 2207 951 2275 tenebat
968 2207 1031 2273 sibi
1046 2208 1121 2274 dari
1141 2211 1281 2296 aTybe·

107 2381 108 2385 ,
240 2323 292 2386 rio
322 2321 526 2408 imperatore
552 2322 747 2388 muneribus
781 2323 988 2409 impetravit,
1022 2324 1128 2391 etsie
1153 2325 1280 2391 inimici

240 2436 322 2506 facti
338 2441 418 2504 sunt
434 2436 584 2502 Herodes
605 2441 640 2504 et
662 2439 807 2523 Pylatus·
827 2460 931 2525 usque
946 2439 989 2505 ad
1006 2441 1197 2527 passionem
1213 2443 1281 2508 Do-

237 2555 320 2619 mini
331 2555 349 2619 J
352 2555 435 2620 hesu
450 2552 590 2620 Christi.
603 2539 669 2618 Snb
684 2553 758 2640 ipso
774 2554 881 2641 igitur
894 2555 1018 2639 Pylato
1033 2554 1214 2621 crucifixus
1228 2547 1281 2622 est

145 2685 152 2694 ·
237 2668 372 2733 Jhesus.
391 2668 476 2734 Post
490 2668 680 2754 passionem
697 2669 802 2754 ipsius
818 2672 852 2735 et
865 2669 1097 2735 ascensionem
1112 2670 1154 2735 ad
1175 2671 1276 2748 celos,

237 2782 403 2869 Tyberius
426 2781 520 2869 lepra
546 2801 724 2868 percussus
751 2782 827 2860 fuit,
860 2760 1021 2870 misitque
1049 2783 1090 2849 ad
1119 2785 1278 2870 Pylatum

234 2901 276 2966 'ut
297 2897 360 2963 sibi
382 2898 520 2964 Jhesum
543 2899 695 2965 mitteret
719 2901 755 2963 ut
777 2917 837 2984 per
856 2899 965 2985 ipsum
990 2900 1157 2985 reciperet
1185 2897 1336 2966 sarri-20'

237 3018 355 3080 tatem.
383 3013 531 3099 Cumque
555 3014 680 3100 Pylcto
706 3015 848 3080 nuncius
881 3014 1017 3102 Tyberii
1044 3017 1108 3082 hoc
1134 3017 1278 3084 dixisset

236 3129 437 3215 perterritus
452 3129 595 3215 Pylatus
613 3129 864 3215 quatuordecim
881 3129 1010 3224 dierum
1026 3131 1180 3198 inducias
1199 3154 1277 3219 pos-

235 3244 371 3310 tulavit.
391 3245 532 3310 Interim
550 3245 692 3310 nuncius
707 3245 921 3331 imperatoris
934 3267 994 3332 per
1009 3247 1185 3333 quamdam
1203 3267 1279 3314 ma*
1299 3292 1302 3299 -

234 3361 368 3424 tronam
397 3361 532 3426 nomine
560 3361 762 3431 Veronicam
791 3360 909 3428 didicit
938 3349 1029 3447 quod
1052 3363 1196 3448 Pylatus
1234 3361 1275 3430 ad

234 3474 431 3559 petitionem
453 3474 633 3540 Judeorum
659 3477 836 3541 Dominum
865 3475 1017 3563 crucifigi
1049 3479 1210 3564 precepit,
1242 3483 1276 3546 et

118 3594 122 3601 “
234 3587 321 3671 quod
335 3589 408 3674 ipsa
425 3609 572 3676 pannum
594 3591 741 3657 habebat
755 3592 790 3656 in
814 3611 879 3676 quo
903 3591 1012 3678 figura
1028 3595 1276 3681 ymaginis·Dei

235 3703 482 3782 continebatur,
506 3725 548 3770 ex
573 3725 650 3796 quo¹
665 3707 693 3770 si
721 3707 905 3793 imperator
925 3728 985 3792 pro
1014 3707 1136 3775 affectu
1166 3711 1277 3795 respi-
1386 3704 1389 3709 ’

152 3890 155 3896 ,
235 3822 338 3891 aeret,
368 3819 516 3904 recipere
532 3825 647 3905 posset
670 3822 829 3887 continuo
854 3822 1049 3890 sanitatem.
1068 3824 1161 3888 Tunc
1187 3844 1276 3889 nun-

235 3933 306 3997 cius
326 3953 437 3999 secum
456 3933 553 4000 duxit
566 3933 670 4000 Rome
685 3936 886 4001 Veronicam
910 3957 984 4001 cum
1006 3958 1135 4022 panno,
1155 3942 1189 4004 et
1210 3941 1275 4003 im-

235 4051 383 4152 perptori
400 4051 512 4116 omnia
524 4051 698 4117 indicavit.
716 4052 808 4117 Tunc
820 4053 1008 4138 imperator
1020 4055 1141 4140 pannis
1157 4047 1274 4121 sericis
1286 4054 1324 4116 30

151 4175 153 4178 ’
236 4163 325 4236 viam
344 4166 451 4234 sterni
472 4165 553 4236 fecit
565 4171 599 4233 et
615 4169 764 4260 precepit
780 4167 842 4233 sibi
857 4169 1050 4256 ymaginem
1071 4173 1272 4262 presentari.
