3168 5012
642 505 841 573 -189-

195 635 422 723 continetur,
446 666 492 713 xv
512 666 540 724 s,
564 665 652 732 pan,
678 647 728 710 iiii
760 667 788 711 s.
812 646 1005 728 elemosina,
1034 648 1083 712 xii
1112 647 1145 712 d.
1177 648 1253 736 pnl-

213 765 357 838 satores,
373 762 407 825 in
430 760 517 827 festo
541 759 917 828 Sancti-Bartholomei
933 760 1182 847 persolvendos.

242 876 324 922 Johen
341 876 413 921 Raou
429 877 460 921 de
472 875 604 923 Chaminos
620 875 673 921 xxii
683 887 775 932 pon·
785 875 859 922 Gz'rcs
873 876 967 922 Londrt
985 874 1018 936 (I)
1032 877 1076 922 ciii
1087 889 1110 924 ε.
1124 889 1184 933 per.
1195 877 1213 923 c·
1223 879 1249 924 d.

245 963 329 1011 Petrus
340 963 408 1010 Sciet
421 976 437 1008 v
453 975 474 1010 s.
492 976 576 1023 ραι-
588 961 645 1009 Gilo
656 963 719 1010 Ioni
732 962 761 1010 iii
778 975 800 1010 s.
818 963 843 1010 vi
860 964 885 1013 d.
896 976 987 1024 pen·
1000 963 1113 1022 michael,
1123 977 1198 1026 gener
1210 965 1250 1012 de-

212 1053 292 1100 runeo
304 1034 376 1110 sarri
394 1053 458 1100 xvns
471 1053 499 1100 o.
517 1066 544 1113 p.

241 1141 406 1188 consessor
418 1143 436 1188 ii
450 1154 471 1188 s.
486 1154 536 1198 par
550 1142 575 1187 ot
588 1142 646 1188 d.-
657 1141 717 1188 teon
730 1140 753 1186 le
769 1139 813 1188 Gei
825 1137 844 1187 ii
860 1153 881 1192 s.
895 1141 922 1187 vi
933 1140 994 1188 d.-
1005 1140 1117 1188 Michiau
1126 1138 1250 1196 Frenoois

209 1228 254 1273 viii
265 1241 289 1275 o.
304 1233 322 1274 t.
339 1252 369 1264 ·-
381 1229 429 1275 Les
444 1230 514 1275 noire
528 1229 571 1285 fou
582 1228 680 1286 Sumon
692 1229 787 1274 Lendri
802 1229 863 1276 xciii
873 1241 901 1285 p.

253 1317 311 1382 20.
326 1319 369 1363 -’
383 1316 468 1381 XIII
485 1316 563 1382 Kal.
581 1352 624 1363 -
641 1315 705 1382 Ob.

252 1431 308 1496 21.
324 1468 367 1478 —
381 1430 448 1494 XII
470 1430 549 1495 Kal.
568 1467 612 1478 -
633 1429 696 1496 Ob.
754 1497 758 1506 ,

166 1570 168 1574 ·
253 1545 308 1611 22.
323 1582 367 1593 -
381 1545 430 1610 XI
452 1544 530 1611 Kal.
548 1582 591 1592 -
605 1541 698 1611 Obiit
713 1545 835 1613 Petrus
850 1543 892 1610 de
906 1543 1109 1622 Channiaoo‚
1123 1543 1252 1610 archie-

209 1661 364 1746 piscopus
385 1661 602 1734 senonensis,
622 1679 683 1746 pro
710 1679 775 1744 qno
797 1657 899 1726 habet
922 1663 1119 1736 conventus,
1151 1677 1252 1745 super

186 1841 193 1852 ,
209 1796 312 1842 unum
331 1780 509 1862 arpentum
521 1778 618 1844 vinee
635 1778 670 1842 in
683 1775 816 1843 Greviis
831 1774 872 1840 de
885 1774 1250 1860 MeleyoVicecomitis

208 1892 309 1958 situm
331 1893 421 1958 inter
433 1893 549 1957 vinens
563 1892 780 1958 vicecomitis
796 1911 839 1955 ex
852 1893 995 1975 utraque
1015 1894 1124 1974 pente,
1142 1889 1202 1952 xix
1218 1907 1245 1952 s.
1286 1918 1289 1928 =

207 2010 249 2084 t,
265 2007 314 2071 xii
331 2005 364 2071 d.
383 2006 577 2084 elemosine,
600 2008 635 2071 in
657 2005 745 2072 festo
765 2004 922 2070 Omnium
948 2004 1148 2071 Sanctorum
1170 2021 1248 2090 per·

208 2119 398 2198 solvendos,
423 2125 462 2188 ut
477 2122 512 2185 in
526 2121 652 2192 littoris
665 2121 757 2186 curie
770 2120 974 2187 Senonensis
992 2118 1195 2185 continetur.

238 2235 305 2283 Istud
322 2235 522 2283 anniversanum
538 2238 694 2295 computetur
710 2235 737 2283 in
760 2233 900 2288 Novembri.
915 2233 976 2293 quia
991 2233 1018 2280 in
1036 2232 1097 2280 sesto
1111 2232 1247 2280 Omnium·

206 2322 350 2370 Sanctorum
363 2324 473 2381 decenn,
487 2323 566 2371 stillo
579 2336 664 2374 menso
677 2322 720 2372 illo
736 2324 781 2384 qui
798 2324 868 2372 debet
878 2322 1019 2383 soripbitur.

252 2412 308 2478 23.
326 2450 370 2460 -
381 2414 415 2477 Χ
431 2413 509 2478 Kal.
520 2450 563 2460 -
580 2410 643 2480 Ob.

250 2529 306 2593 24.
320 2527 426 2592 —IX
446 2528 573 2593 KeI—
587 2527 829 2610 Bartholomei‚
844 2527 1022 2614 appostoli.
1042 2526 1142 2592 Prinr
1157 2525 1248 2594 illius

206 2643 269 2708 Ioci
281 2640 380 2709 debet
398 2663 418 2707 v
438 2663 466 2707 s.
486 2657 559 2728 pan.
577 2642 619 2709 ad
635 2643 827 2730 pitenoiam.
923 2687 926 2695 .

235 2756 280 2803 Hic
289 2758 445 2816 computetur
457 2756 524 2816 prior
536 2755 806 2805 suncti-Bumolomei
821 2767 866 2814 pro
883 2767 931 2802 vs.
945 2767 999 2814 por.
1013 2751 1022 2761 ’

250 2847 306 2913 25.
326 2882 370 2895 -
385 2847 468 2912 VIII
489 2846 568 2913 Kal.
585 2883 628 2893 -
643 2843 706 2912 Ob.

249 2960 305 3027 26.
327 2998 370 3008 -
385 2961 451 3026 VII
466 2961 545 3026 Kal.
567 2998 611 3009 -
631 2959 690 3026 Ob.

249 3076 305 3141 27.
321 3112 367 3126 -
383 3075 431 3141 VI
448 3074 525 3142 Kal.
540 3112 583 3122 -
604 3073 662 3141 Ob.

248 3189 305 3256 28.
322 3226 365 3237 -
383 3191 415 3254 V
429 3189 507 3255 Kal.
528 3226 572 3237 --
589 3190 675 3255 Obiit
692 3190 880 3285 lohannes,
899 3189 1010 3272 dictus
1035 3189 1074 3252 de
1098 3187 1243 3270 Heroon,

203 3327 266 3390 pne
280 3309 377 3388 cujus
390 3309 627 3371 anniversario
646 3310 686 3370 in
705 3306 843 3369 ecclesio
858 3314 975 3370 nostro
991 3305 1159 3386 faciendo,
1186 3303 1248 3368 ho·

207 3423 258 3485 bet
275 3430 466 3502 conventos,
486 3439 588 3504 somer
606 3420 771 3504 quoddam
783 3429 926 3502 protom
948 3420 1033 3501 qood
1048 3421 1135 3484 dioto
1155 3419 1247 3483 dedit

206 3540 388 3601 conventui
401 3539 506 3601 sitnm
520 3537 613 3620 epod
623 3537 834 3602 necaonem
842 3537 943 3616 jocco
954 3544 1057 3619 proto
1067 3539 1195 3618 priores
1207 3535 1247 3598 de

207 3653 383 3733 menno,
406 3673 430 3716 o
444 3671 471 3716 o.
489 3661 510 3716 t.

239 3851 273 3914 (I)
291 3856 369 3901 Lems
389 3856 417 3900 56
434 3866 575 3902 commones
595 3857 658 3903 celto
677 3855 731 3901 Iiste
750 3867 808 3914 per:
824 3855 913 3914 Marte,
936 3855 1040 3911 filleseu
1051 3854 1140 3902 Simon
1151 3855 1247 3915 Londri

208 3941 298 3987 xxiid.
315 3964 347 3976 -·
363 3941 487 3988 Girordus
510 3941 624 3988 Lendrioi
645 3955 660 3988 x
681 3955 702 3990 s,
720 3955 776 4002 por.
793 3941 814 3987 II
833 3941 858 3988 la
878 3940 933 3988 nnn
951 3953 1012 4000 par:
1033 3943 1159 3988 Iohannis
1182 3944 1247 3988 Mori

207 4031 270 4076 xciii
287 4043 345 4087 por.
364 4029 408 4076 Les
427 4029 494 4077 deux
507 4042 545 4078 ms
560 4031 699 4091 presentent
719 4030 760 4077 des
776 4032 838 4077 mets
858 4031 962 4088 granos,
977 4031 1102 4078 Girnrdue
1124 4031 1247 4092 remplaoo

209 4118 354 4167 Riolmrdus.
