3180 5012
749 484 929 550 ..56-

307 626 370 692 bus
410 602 594 712 imperant,
632 624 883 710 virtutibusque
927 627 1142 709 choruscant,
1179 587 1352 712 presentia

191 773 194 778 ·
307 739 508 826 despiciunt,
529 744 683 807 eternam
698 740 845 824 patriam
857 739 994 806 vocibus
1012 717 1231 826 moribusque
1239 740 1350 827 predi·

310 859 401 933 cant,
424 856 526 922 etiam
553 853 729 922 moriendo
745 853 892 940 diligunt
913 859 1013 940 atque
1033 855 1076 920 ad
1092 855 1185 922 illam
1201 876 1262 942 per
1279 861 1354 924 tor-

308 975 423 1036 menta
453 970 674 1056 pertingunt;
703 970 762 1034 alii
789 969 880 1036 ferro
912 971 1088 1056 perempti,
1121 971 1180 1035 alii
1209 969 1353 1036 flammis

309 1086 434 1167 exusti,
453 1085 511 1150 alii
531 1083 651 1170 flagris
660 1083 845 1163 verberati,
863 1086 922 1150 alii
937 1085 1088 1153 vectibus
1101 1085 1277 1171 perforati,
1295 1087 1354 1152 alii

308 1191 459 1288 patibulo
478 1200 634 1278 cruciati,
653 1199 712 1264 alii
729 1199 840 1287 pelagi
859 1201 1008 1286 periculo
1033 1200 1190 1279 demersi,
1211 1201 1269 1267 alii
1285 1202 1353 1269 vivi

310 1317 486 1389 decoriati,
506 1316 568 1410 alii¹
580 1315 707 1402 linguis
725 1317 864 1401 privati,
881 1316 940 1382 alii
958 1316 1126 1403 lapidibus
1150 1316 1274 1395 obruti,
1296 1318 1354 1384 alii

310 1430 494 1517 frigoribus
510 1429 638 1509 afflicti,
664 1431 723 1496 alii
743 1429 833 1497 fame
847 1433 1002 1509 cruciati,
1020 1432 1079 1496 alii
1092 1451 1172 1498 vero
1184 1433 1354 1499 truncatis

310 1545 469 1613 membris
486 1546 712 1632 spectaculum
724 1547 926 1614 contumelie
935 1548 971 1611 in
979 1546 1110 1633 populis
1124 1547 1205 1612 nudi
1217 1553 1355 1634 propter

233 1660 236 1664 ’
265 1661 491 1728 10Dominum
515 1665 747 1751 portaverunt.
780 1661 870 1736 Quos
900 1665 978 1747 post
1003 1661 1174 1748 apostolos
1195 1665 1352 1728 venerari
1437 1737 1441 1744 ,

314 1776 414 1844 debet
440 1775 601 1854 Ecclesia,
624 1795 702 1842 narn
731 1777 867 1842 calicem
889 1776 1022 1842 Domini
1046 1775 1215 1854 biberunt,
1242 1780 1277 1843 et
1302 1777 1356 1842 la-

313 1897 433 1959 vantes
453 1891 558 1957 stolas
572 1911 664 1969 suas,
680 1891 927 1974 dealbaverunt
944 1911 1002 1957 eas
1023 1893 1058 1956 in
1075 1893 1238 1978 sanguine
1249 1891 1351 1978 Agri,

313 2007 496 2074 Multorum
529 2011 719 2092 martyrum
752 2027 892 2094 corpora
923 2027 982 2072 seu
1016 2007 1177 2092 reliquias
1216 2026 1355 2073 conser-

314 2141 446 2188 vamus.
499 2152 509 2158 -

313 2371 357 2419 ns
379 2370 503 2420 narius
521 2371 592 2419 cun
617 2371 684 2428 ooo
707 2368 837 2418 annuus
853 2369 1050 2418 suessanus
1066 2368 1254 2418 unrronuus
1275 2353 1357 2416 rurr'

616 2487 662 2534 ur
685 2487 729 2534 ne
752 2487 922 2536 sanemus
946 2487 1053 2535 resms
1148 2474 1150 2477 ’

357 2698 456 2764 Anno
480 2697 522 2764 ab
534 2699 768 2765 incarnatione
787 2697 915 2764 Christi
930 2699 1111 2777 XXXHP,
1133 2697 1249 2764 eodem
1267 2718 1355 2765 anno

288 2816 385 2901 'ipse
413 2814 571 2882 Salvator
599 2815 688 2880 celos
719 2813 883 2891 ascendit,
909 2818 943 2881 et
965 2814 1080 2880 eodem
1108 2833 1196 2879 anno
1221 2805 1357 2882 sanctus

314 2930 569 3016 prothomartyr
584 2929 775 3016 Stephanus
787 2949 847 3016 pro
862 2929 1007 2996 veritate
1022 2948 1043 2994 a
1056 2929 1075 2994 J
1078 2928 1172 2994 udeis
1187 2929 1356 3014 lapidatus

266 3038 305 3102 20
316 3049 380 3111 est.
393 3042 574 3130 Cujusdam
587 3043 709 3130 lapidis
724 3043 764 3108 de
778 3041 958 3129 lapidibus
972 3063 1047 3108 eum
1061 3042 1179 3128 quibus
1189 3042 1358 3128 lapidatus

316 3158 393 3241 fuit,
417 3158 666 3244 portiunculam
695 3156 879 3236 habemus;
900 3162 934 3225 et
964 3157 1103 3242 reliquie
1131 3156 1172 3222 de
1195 3159 1358 3243 sanguine

316 3273 422 3360 ipsius
462 3293 536 3339 cum
573 3277 766 3341 sanctorum
802 3266 1024 3340 Innocentum
1057 3252 1209 3358 reliquiis
1244 3274 1355 3340 conti-

318 3392 455 3456 nentur.

474 3638 518 3686 DE
539 3637 691 3687 CORPORE
714 3637 834 3701 sertem
855 3637 1002 3688 EODALDI
1025 3636 1201 3686 MARTYRIS

361 3851 505 3919 Sanctus
519 3854 652 3936 martyr
667 3849 835 3917 Eodaldus
857 3851 965 3939 sancti
986 3849 1159 3916 Saviniani
1175 3849 1240 3917 fuit
1255 3849 1359 3918 disci-

318 3967 416 4053 pulus
435 3969 469 4032 et
488 3985 562 4031 cum
582 3965 680 4032 beato
700 3966 817 4032 Altino
839 3964 1046 4043 Aurelianis,
1074 3963 1232 4044 Carnoto,
1256 3967 1357 4050 Pari-

318 4083 388 4148 sios
404 4086 439 4149 et
456 4081 615 4187 Cristoilo
635 4084 816 4152 veritatem
832 4082 956 4158 docuit.
976 4081 1193 4160 Postmodum
1214 4083 1356 4150 Senonis
