3160 5016
781 554 823 571 -
845 518 911 587 286
931 555 974 572 -

347 666 554 751 moyennant
572 661 761 731 l'auctorite
777 663 906 749 royalle
921 683 981 729 sur
995 682 1032 730 ce
1047 661 1258 750 interpouste
1271 665 1306 729 et
1322 680 1384 749 par

347 779 583 846 l'ordennance
598 783 633 848 et
645 779 934 847 commandement
950 778 990 845 de
1008 780 1254 867 messcigneurs
1269 778 1318 844 les
1333 797 1384 843 re·

346 895 485 982 ligiam,
501 895 584 962 abbe
597 900 630 963 et
644 901 787 964 convent
801 895 842 962 de
857 895 1009 982 l'abbaye
1023 894 1065 962 de
1078 892 1383 963 saincte-Columba

349 1032 391 1078 ou
417 1011 548 1078 diocese
576 1012 617 1078 de
643 1010 739 1092 Sens,
765 1010 809 1077 du
835 1032 933 1100 corps
961 1012 1053 1079 saint
1080 1010 1120 1078 de
1146 1010 1383 1096 monseignaur

348 1128 440 1196 saint
454 1129 537 1208 Lou,
556 1121 753 1214 de'laquelle
768 1149 789 1195 a
803 1130 874 1196 este
887 1129 950 1195 mis
960 1129 1041 1194 hors
1053 1127 1136 1195 ledit
1149 1147 1246 1214 corps
1259 1105 1384 1209 sainct,¹

347 1265 432 1333 pour
444 1246 567 1333 icelluy
578 1264 693 1311 maner
705 1250 738 1313 et
751 1245 920 1332 conduyre
934 1265 996 1333 par
1007 1244 1090 1312 ledit
1101 1244 1286 1331 royaulme‚
1299 1262 1383 1331 pour

347 1366 382 1430 et
399 1360 478 1429 affin
492 1381 556 1448 qus
571 1361 630 1428 des
648 1360 819 1429 oblacions
836 1366 870 1430 et
884 1359 1022 1429 offertos
1042 1358 1161 1427 iaietes
1176 1359 1271 1427 audit
1285 1377 1382 1444 corps

347 1478 437 1545 saint
451 1476 517 1544 l’en
535 1479 646 1564 puisse
666 1498 826 1566 repparer
840 1483 874 1546 et
890 1477 1018 1546 tdiffier
1032 1479 1080 1544 les
1093 1477 1217 1564 eglises
1233 1476 1382 1542 maisons

347 1602 382 1664 et
406 1594 550 1664 ediffices
576 1585 674 1663 desd.¹
695 1597 817 1685 eglises
840 1589 996 1676 demoliz,¹
1020 1616 1175 1684 ruyneux
1199 1601 1234 1663 et
1261 1596 1382 1664 abatur

345 1732 430 1800 pour
448 1713 481 1779 la
501 1731 633 1800 guerre.
659 1713 826 1800 Lesqualx
851 1734 935 1781 nous
952 1713 1084 1781 disrent
1100 1717 1135 1781 et
1157 1711 1382 1801 expouserent

346 1829 445 1917 qu’ilz
469 1819 624 1917 estoye'nt
645 1850 751 1895 venuz
771 1829 812 1896 de
829 1831 863 1897 la
883 1830 1041 1898 Rochelle
1055 1851 1116 1917 par
1133 1850 1217 1909 mer,
1244 1833 1278 1896 et
1304 1829 1382 1896 des-

346 1946 452 2014 cendu
472 1944 537 2011 led.
554 1964 651 2033 corps
672 1947 763 2013 saint
776 1967 819 2012 au
833 1947 939 2014 havre
955 1946 1013 2013 das
1030 1946 1145 2014 Sabies
1158 1946 1331 2030 d’Olonne‚
1348 1950 1383 2013 et

345 2061 506 2149 d'ileques
530 2062 690 2129 l'avoient
717 2065 925 2151 transporta,
963 2066 998 2131 et
1025 2064 1156 2128 misen
1188 2061 1315 2150 l'eglise
1341 2060 1381 2126 de

345 2181 443 2250 Saint
461 2180 598 2247 Nicolas
618 2180 659 2247 de
682 2182 798 2262 Brain‚
830 2202 889 2247 sur
912 2182 944 2248 le
970 2186 1073 2269 grant
1097 2181 1221 2248 uultier
1238 2180 1378 2259 d’ioelle,

345 2298 466 2386 ouquel
489 2298 555 2363 lieu
576 2297 601 2362 il
619 2299 711 2365 avoit
734 2301 806 2366 este
829 2299 899 2386 pris
919 2297 1135 2366 furtivement
1158 2318 1220 2384 par
1240 2303 1326 2385 nuyt
1347 2302 1382 2365 et

346 2414 463 2498 emble,
492 2434 534 2480 en
558 2434 642 2480 nous
665 2415 780 2500 priant
802 2418 836 2481 et
857 2416 1038 2500 requerant
1060 2434 1133 2500 que,
1154 2434 1239 2501 pour
1255 2414 1286 2479 le
1305 2413 1380 2478 bien

345 2530 386 2597 de
396 2530 531 2617 justice,
550 2551 634 2597 nous
653 2531 855 2597 voulissions
869 2535 1082 2619 transporter
1099 2530 1169 2597 esd.
1187 2530 1290 2608 lieux,
1313 2533 1381 2596 eta

344 2650 416 2714 tros
439 2652 541 2734 grant
568 2646 733 2734 diligence
756 2665 841 2712 nous
861 2644 1024 2713 informer
1044 2645 1085 2712 de
1105 2647 1139 2712 la
1152 2647 1380 2734 perpetration

345 2763 441 2833 dudit
455 2784 524 2845 cas,
542 2769 577 2832 et
589 2787 613 2852 y
627 2765 785 2853 pourvoir
798 2764 909 2832 scalon
924 2763 1108 2853 l'axigence
1121 2764 1288 2851 d'iceiluy.
1306 2765 1382 2830 Ern-

343 2885 420 2968 pres
441 2881 749 2970 lesquelles-priore
771 2887 806 2949 et
825 2882 975 2968 requete,
995 2903 1081 2950 nous
1102 2903 1246 2950 sommas
1266 2886 1382 2950 trans·

343 3003 462 3087 portez¹
480 2998 551 3066 esd.
574 2998 677 3077 lieux,
700 3003 735 3066 et
753 3019 816 3086 par
837 2997 1057 3068 information
1078 2998 1254 3066 deuement
1278 2997 1381 3066 faicte

344 3135 407 3202 par
431 3134 515 3184 nous
541 3120 575 3198 et
600 3116 649 3181 les
671 3115 859 3182 chastelain
887 3121 921 3183 et
947 3136 1130 3204 procureur
1156 3115 1196 3182 de
1220 3114 1288 3181 lad.
1314 3115 1382 3182 sei·

345 3232 485 3318 gnourie
510 3231 551 3298 de
575 3231 764 3317 Brandoys,
792 3251 897 3300 avons
915 3234 1035 3300 trouve
1054 3237 1151 3300 entre
1169 3237 1283 3300 autres
1301 3251 1382 3298 cou-

343 3346 439 3434 pable
463 3347 543 3414 dud.
572 3348 674 3414 crime
695 3352 729 3414 et
751 3347 834 3416 uelit
858 3369 902 3414 un
934 3350 1067 3414 nomme
1090 3347 1189 3415 Golas
1215 3348 1377 3432 Nobiron‚

339 3465 499 3532 mosnier.
514 3465 639 3551 Loquel
662 3485 746 3532 nous
764 3485 869 3532 avons
888 3466 983 3553 prins
999 3470 1035 3533 et
1051 3466 1114 3532 mis
1130 3468 1166 3531 ts
1182 3467 1330 3552 prisons,
1347 3471 1382 3534 et

343 3581 466 3668 icelluy
486 3573 643 3648 examine
664 3586 699 3650 et
721 3582 894 3669 interroge'
919 3601 977 3647 sur
995 3583 1029 3648 la
1047 3585 1279 3670 perpetration
1299 3583 1378 3650 dud.

342 3716 411 3775 (τῆς,
425 3698 480 3784 qui
491 3718 579 3780 nous.
588 3719 608 3764 a
618 3696 770 3765 confesso
786 3699 881 3766 avoir
891 3699 986 3786 prins
1000 3701 1034 3765 et
1044 3696 1150 3764 emble
1163 3695 1382 3765 furtivement

342 3815 380 3894 et
396 3829 458 3898 par
480 3817 566 3898 nupt
592 3811 633 3877 de
651 3811 719 3882 lad.
743 3813 848 3900 eglise
867 3814 932 3882 led.
950 3834 1048 3903 corps
1075 3815 1177 3894 saint,
1200 3818 1234 3883 et
1258 3814 1382 3900 icelluy

343 3927 438 4008 apoir
455 3931 649 4014 transporta
664 3950 706 3995 en
721 3949 790 4018 ung
806 3930 932 3999 moulin
947 3933 1073 4010 arent,
1100 3931 1221 4018 doquel
1239 3933 1264 3996 il
1279 3931 1380 4008 estoit

343 4046 501 4125 mosnier,
524 4046 611 4114 situi
626 4051 661 4114 et
678 4049 766 4114 assis
782 4050 904 4134 aupros
919 4047 960 4114 de
974 4047 1041 4114 lad.
1058 4049 1136 4115 ville
1153 4048 1193 4115 de
1211 4048 1326 4128 Brain‚
1344 4054 1380 4115 et

343 4159 564 4243 desmambra
590 4162 730 4244 descire,
754 4163 875 4232 iroisst
890 4169 924 4231 et
941 4163 1100 4253 dorompu
1115 4165 1149 4231 la
1163 4157 1282 4233 chasse
1297 4164 1376 4233 dud.
