3160 5016
698 461 897 530 ..262-

266 607 362 696 cujus
378 602 560 672 ineffabilis
584 603 729 672 altitudo
747 607 912 694 sapientie
929 606 1032 674 nullis
1043 606 1176 675 inclusa
1190 608 1312 677 limiti-

267 723 343 808 bus,
366 723 469 798 nullis
487 721 643 790 terminis
658 722 912 811 comprehensa,
929 723 1014 790 recti
1037 743 1182 790 censura
1191 723 1312 811 judicii

269 841 409 908 celestia
424 841 553 928 pariter
567 843 602 907 et
617 844 755 906 terrena
781 839 930 928 disponit
946 840 1071 918 omnia,
1092 861 1151 906 sue
1167 842 1313 907 misera-

269 958 374 1026 tionis
403 956 540 1044 jubente
571 956 762 1037 clementia,
793 976 868 1036 nos,
890 957 969 1023 licet
993 956 1193 1035 immeritos,
1221 959 1315 1046 regi-

269 1075 353 1140 mini
366 1073 565 1141 monasterii
573 1070 741 1160 jamdicti,
756 1073 967 1159 prioratuum
981 1076 1016 1139 et
1031 1071 1257 1139 membrorum
1271 1073 1313 1140 ab

269 1192 343 1280 ipso
359 1189 566 1256 monasterio
587 1193 704 1256 nostro
723 1188 996 1276 dependentium,
1014 1208 1136 1257 vocare
1152 1189 1312 1277 dignatus

270 1312 334 1374 est.
352 1303 434 1372 Cum
446 1306 561 1391 itaque
574 1304 716 1371 ecclesia
725 1311 845 1373 nostra
857 1305 1200 1386 Sancti-Petrl-Vivi,
1213 1328 1311 1393 quam

269 1422 425 1490 Salvator
447 1426 565 1489 noster
581 1421 756 1503 Dominae,
774 1420 893 1488 lhesus
907 1423 1078 1502 Christus
1104 1444 1236 1490 summa
1251 1445 1313 1491 sua

268 1539 408 1626 pietate,
429 1538 652 1625 plurimorum
669 1542 861 1605 sanctorum
889 1538 1084 1625 corporibus
1104 1543 1139 1607 et
1158 1540 1312 1626 reliquiis

269 1653 486 1723 laudabiliter
506 1654 665 1721 decorare
693 1653 943 1743 dignatusest,
973 1676 1113 1742 quorum
1142 1655 1314 1744 suffragiis

268 1771 416 1838 fidelium
433 1790 575 1857 corpora
590 1769 786 1839 devotorum
799 1772 1021 1854 auxiliantur,
1038 1793 1098 1859 per
1110 1792 1311 1860 guerrarum

269 1888 466 1977 voraginem
491 1887 738 1967 inevitabitem,
774 1889 811 1953 in
839 1889 909 1953 suis
938 1887 1079 1956 edificiis
1106 1893 1140 1956 et
1163 1888 1312 1976 eleganti

271 2007 445 2072 structura
455 2002 576 2070 nedum
588 2007 622 2071 et
631 2005 873 2070 monasterium
883 2008 1035 2071 nostrum
1049 2024 1194 2090 ruynam
1205 2004 1314 2091 patia-

269 2128 339 2199 tur,
372 2125 407 2188 et
434 2121 470 2186 in
498 2121 569 2186 suis
597 2118 803 2187 reddiotibus
823 2116 1057 2207 multipliciter
1086 2126 1311 2202 attenuatur;

270 2236 486 2326 quamobrem
525 2234 674 2302 fidelium
719 2237 901 2303 elemosine
942 2237 1081 2303 ecclesie
1123 2242 1241 2305 nostre
1280 2242 1315 2305 et

271 2353 430 2420 membris
459 2351 608 2441 ejusdem
637 2357 716 2420 sunt
740 2353 1022 2440 quamplurimum
1050 2357 1248 2439 opportune.
1270 2355 1314 2421 Et

269 2475 307 2540 ut
340 2469 456 2538 fideles
485 2470 563 2557 ipsi,
586 2488 625 2536 oo
653 2469 812 2537 libentius
842 2469 1057 2536 confluantur
1080 2469 1123 2535 ad
1158 2469 1308 2554 eandem,

268 2608 334 2675 quo
351 2608 394 2654 ex
418 2588 481 2654 hoo
501 2587 636 2654 uberius
665 2586 752 2653 dono
782 2587 917 2661 celestis
941 2588 1054 2674 gracie
1074 2588 1313 2674 conspexerint

271 2725 307 2771 so
322 2702 479 2787 refectos,
495 2703 712 2772 universitati
727 2709 840 2772 vestre
866 2705 953 2770 serie
980 2693 1190 2791 presencium
1218 2703 1315 2770 certi·

269 2820 411 2890 ficamus
430 2824 465 2888 et
488 2822 524 2886 in
549 2821 694 2888 veritate
714 2822 897 2886 asserimus
931 2821 1031 2908 quod,
1063 2803 1154 2887 inter
1181 2826 1311 2888 ceteras

270 2938 430 3024 reliquias
454 2938 728 3024 quamplurimas,
749 2937 790 3003 ab
811 2939 950 3024 antiquo
975 2936 1018 3004 ad
1042 2936 1173 3003 laudem
1200 2941 1234 3004 et
1259 2935 1312 3001 di-

270 3055 340 3120 vini
356 3054 501 3120 nominis
512 3053 655 3142 gloriam
670 3055 706 3120 in
723 3054 862 3121 cenobio
877 3057 994 3121 nostro
1009 3055 1208 3128 existentes,
1221 3054 1312 3120 inter

269 3171 338 3238 alia
354 3169 537 3238 honorifice
552 3191 791 3238 conservamus
811 3171 972 3256 reliquias
993 3174 1027 3238 et
1043 3171 1196 3237 sacraria
1212 3190 1311 3236 sanc-

269 3294 447 3372 torumque
461 3307 602 3373 corpora
617 3284 760 3353 inferius
777 3286 946 3373 descripta
969 3307 976 3351 :

314 3404 357 3470 Et
381 3402 552 3491 primodo
579 3423 666 3491 pane
694 3423 786 3481 cene,
815 3401 856 3468 de
884 3403 1000 3469 tunica
1028 3401 1237 3479 inconsutili,
1260 3401 1311 3467 'de

271 3520 424 3610 spongia,
447 3519 488 3586 de
503 3519 633 3598 lancea,
651 3519 693 3586 de
712 3517 863 3606 syndone
879 3523 913 3585 et
933 3517 972 3584 de
988 3518 1140 3605 sepulcro
1154 3518 1311 3586 Salvato-

269 3637 318 3701 ris
335 3636 467 3703 Domini
488 3637 609 3715 nostri,
632 3635 894 3703 lirosa-Christi.

314 3752 440 3820 Deinde
456 3753 496 3819 de
510 3752 708 3845 beatissima
720 3753 864 3840 virgine,
879 3750 1027 3839 ejusdem
1048 3750 1309 3830 lhesu-Christi,

271 3870 405 3935 Domini
432 3871 554 3949 nostri,
583 3869 769 3957 genitrice,
798 3870 920 3947 Maria,
948 3868 1107 3954 reliquias
1134 3867 1309 3947 habemus,

271 3985 400 4054 scilicet
423 3986 463 4052 de
484 3987 582 4065 lacte,
602 3985 643 4052 de
657 3987 788 4073 capillis
803 3991 838 4052 et
854 3985 895 4052 de
910 3985 1134 4054 vestimentis.

316 4105 414 4184 Item,
436 4103 477 4170 de
499 4103 606 4199 digito
623 4107 656 4174 et
676 4103 889 4177 vestimentis
906 4101 1016 4172 sancti
1037 4101 1202 4173 Johauuis
1220 4102 1309 4193 Bap-
