3180 5012
655 523 700 544 ...
720 493 832 559 29,-

224 629 338 697 exibat
363 635 397 698 et
422 610 453 717 ‚a
479 631 676 718 quibusdam
706 625 815 699 oleum
840 635 919 719 quia
942 598 1073 699 'coloris
1098 633 1163 699 olei
1189 632 1264 698 exi-

225 746 349 814 stabat.

543 997 718 1046 nanneno
743 998 786 1048 nn
810 965 953 1048 Auernis

270 1208 317 1273 De
352 1207 582 1274 mundissimis
612 1211 741 1296 angelis
770 1231 910 1298 quorum
938 1212 1149 1298 omnipotens
1176 1213 1264 1278 Deus

137 1366 140 1371 -
225 1325 335 1408 nostri
360 1326 558 1391 monasterii
585 1325 700 1392 Sancti
724 1327 819 1394 Petri
842 1326 1089 1395 habitatoribus
1115 1329 1266 1414 prestitit
1316 1390 1318 1394 ,

227 1437 392 1526 suffragia
416 1460 484 1506 non
503 1440 619 1507 deesse
644 1446 744 1528 prout
759 1443 803 1507 ,in
824 1443 944 1529 majori
968 1444 1069 1532 altari
1091 1443 1170 1510 dicti
1193 1463 1266 1509 mo-

206 1619 207 1622 ,
227 1557 367 1623 nosterii
387 1561 527 1642 apparet
541 1576 562 1622 a
580 1557 649 1623 Deo
664 1560 699 1624 et
714 1558 844 1644 angelis
861 1557 1015 1626 dedicato
1026 1559 1170 1625 scribam
1182 1561 1267 1643 uisi-

227 1673 386 1765 tationes,
397 1672 944 1760 consolationes,operationesque
954 1674 1086 1741 divinas
1099 1677 1188 1740 circa
1200 1695 1268 1739 mo·
1317 1745 1319 1749 ,

154 1875 157 1880 ¹
227 1789 412 1854 nasterium
429 1788 616 1875 predictum
635 1781 744 1856 facias
765 1793 800 1856 et
819 1789 954 1857 habitas
969 1779 1184 1857 recordabor.
1235 1820 1237 1823 ·

298 2038 342 2085 DE
364 2038 489 2086 Matonl
512 2038 638 2086 Annam
661 2040 684 2086 A
705 2040 768 2088 DEO
791 2040 835 2088 En
858 2039 1001 2088 antonias
1025 2039 1191 2088 Dnnwn'no
1278 2036 1315 2099 10

272 2253 311 2317 In
325 2250 440 2316 diebus
457 2250 525 2316 illis
544 2251 683 2338 regebat
697 2251 809 2316 sedem
826 2253 1045 2338 apostolicam
1056 2254 1153 2320 Felix
1166 2274 1264 2341 papa,

230 2369 281 2435 vir
304 2369 373 2435 vite
396 2366 612 2434 uenerabilis.
633 2367 758 2434 Sancta
780 2387 861 2435 vero
881 2369 1150 2450 Theodechildis,
1171 2373 1268 2457 virgo

229 2485 436 2550 Francorum
460 2501 577 2568 regum
599 2482 827 2568 generositate
844 2484 1130 2550 excellentissima
1148 2484 1272 2556 nobilis,

230 2605 361 2678 exorta,
372 2598 615 2664 monasterium
625 2598 740 2665 Sancti
750 2598 845 2664 Petri
858 2598 936 2664 Vivi
949 2597 1164 2685 Senonensis,
1179 2603 1271 2684 post·

230 2735 359 2802 quanta
374 2713 602 2781 fundamentis
618 2712 660 2778 ad
677 2732 842 2778 summum
857 2713 987 2778 culmen
998 2714 1155 2799 provexit
1169 2717 1274 2800 atqua>
1305 2727 1306 2730 ’

152 2867 155 2875 ·
231 2831 314 2897 illud
334 2831 451 2917 opibus
474 2829 613 2896 ditando
628 2810 1271 2917 nobilitavit,convocavitvicinospon·

230 2947 338 3015 illices
363 2946 404 3012 ad
426 2945 669 3012 dedicationem
695 2947 893 3012 monasterii
919 2944 1111 3039 etumajoris
1136 2945 1269 3012 altaris,

231 3063 431 3130 Presidebat
448 3083 486 3128 eo
502 3066 653 3149 tempore
671 3062 855 3128 Senonensi
872 3060 1011 3126 ecclesie
1028 3065 1164 3128 sanctus
1186 3061 1272 3132 Era·

232 3179 315 3245 clius
330 3179 507 3265 precipuus
522 3178 713 3244 sanctitate.
730 3177 892 3261 Denique,
910 3177 1106 3262 congregati
1120 3176 1272 3272 presules

232 3293 310 3360 dum
323 3298 456 3359 noctem
470 3291 679 3359 orationibus
694 3296 729 3361 et
740 3292 866 3378 vigiliis
877 3291 1037 3358 ducerent
1049 3293 1270 3378 insompnem,
1282 3310 1321 3374 20

233 3413 430 3476 meruerunt
454 3407 571 3473 audire
591 3427 689 3473 voces
710 3407 882 3494 angelicas
909 3407 944 3471 in
964 3406 1028 3474 hac
1047 3407 1190 3490 ecclesia
1213 3407 1274 3472 de-

234 3529 411 3592 cantantes
429 3546 436 3603 ;
454 3543 553 3588 mane
572 3542 653 3588 vero
678 3521 853 3610 pontifices
878 3523 988 3588 sancti
1011 3521 1053 3588 ad
1073 3541 1283 3599 consecran·‚

234 3640 316 3717 dum,
331 3639 439 3706 aliare
455 3637 663 3714 accedentes,
687 3635 846 3703 viderunt
862 3656 923 3722 per
943 3639 1088 3721 quatuor
1105 3641 1220 3722 partes
1240 3643 1276 3704 et

235 3756 268 3819 in
289 3754 399 3820 medio
418 3753 505 3839 parii
522 3752 702 3818 marmorei
722 3752 888 3838 impressa
904 3749 1138 3818 decentissime
1158 3755 1275 3839 signa·

150 3847 154 3856 ¹
236 3871 311 3937 cula
334 3873 450 3937 sancte
480 3870 601 3934 crucis.
626 3868 697 3942 Qua
720 3866 760 3931 de
792 3886 829 3931 re
853 3871 1011 3953 patenter
1032 3868 1275 3937 intellexerunt

218 3986 323 4072 ¹quod
342 3973 495 4071 angelica
511 3985 637 4051 virtute
662 3978 771 4050 altare
787 3981 974 4068 predictum
1004 3987 1094 4050 esset
1111 3983 1275 4052 divinitus

238 4105 482 4188 consecratum.
