3168 5012
747 529 944 598 ..206-

372 674 456 740 Obiit
477 675 642 759 Johonau,
669 677 742 759 filiu
766 679 919 762 Dyooiaii
944 676 983 742 da
1009 678 1040 742 lo
1068 673 1175 758 Vole'e,
1199 671 1363 757 quondam

330 816 416 862 anor
430 794 586 862 Gornerii
602 795 749 878 Martini,
767 816 837 880 qua
849 796 938 862 dedii
951 797 1046 862 nobis
1060 799 1089 859 ii
1100 813 1128 860 a.
1144 803 1166 860 c.
1190 795 1300 859 annui
1315 811 1365 856 re·
1385 787 1389 800 ¹

329 913 421 978 diluo
444 932 546 996 super
566 917 704 978 cineum
721 912 787 978 dou
805 912 914 977 Murci
929 913 1042 976 rubios
1056 909 1239 992 Rociefort,
1263 927 1364 992 quam

330 1034 472 1096 cineum
490 1037 579 1094 tenet
593 1028 734 1095 Faliscus
752 1029 861 1096 dictus
876 1029 916 1094 de
927 1027 1039 1111 Crura,
1060 1028 1230 1096 solvendos
1247 1027 1291 1092 od
1300 1027 1365 1110 fen·

334 1155 407 1212 tam
426 1144 717 1230 Sancti-Remini.

360 1273 458 1331 Heraia,
477 1272 496 1318 li
511 1271 652 1330 raciliam,
669 1275 744 1318 tenet.

371 1381 404 1445 2.
421 1417 464 1430 -
481 1380 529 1446 VI
545 1381 633 1448 Non.
645 1417 688 1430 -
703 1379 865 1447 Obierunt
883 1379 1057 1446 iohannes
1078 1375 1229 1443 Bousard
1249 1380 1283 1443 et
1302 1375 1320 1442 J
1324 1395 1362 1442 o-

334 1498 459 1576 hanna,
479 1516 564 1564 uxor
589 1496 679 1584 ejus,
698 1515 758 1582 pro
786 1494 905 1580 quibus
920 1494 1021 1562 habet
1045 1498 1241 1569 conventus,
1266 1511 1365 1580 super

329 1612 445 1680 domos
460 1612 653 1681 carnificum
667 1614 727 1681 viii
743 1633 759 1678 s
773 1617 815 1691 a,
832 1613 882 1678 xii
907 1611 937 1678 d.
958 1611 1152 1690 elemosina,
1169 1611 1218 1675 xii
1233 1609 1265 1676 d.
1289 1609 1365 1697 pul-

332 1735 473 1798 satores.

359 1855 404 1902 Hic
421 1859 604 1916 computantur,
615 1857 717 1904 ardebat
731 1857 838 1904 domnus
852 1857 927 1904 abbas
941 1869 985 1916 pro
999 1856 1105 1904 Botemio

373 1963 497 2030 Eadem
512 1962 577 2043 die,
596 1962 679 2032 obiit
690 1963 760 2030 Odo
775 1963 816 2030 de
830 1965 979 2042 Sociaco,
996 1984 1056 2052 pro
1075 1983 1140 2050 quo
1160 1963 1262 2032 habat
1285 1983 1366 2030 con·

332 2083 463 2165 ventus,
486 2100 586 2168 super
605 2081 781 2176 quamdam
805 2080 939 2148 domum
955 2082 1054 2148 sitam
1069 2082 1105 2146 in
1119 2081 1225 2170 burgo
1240 2081 1368 2148 Sancti-

333 2197 526 2265 Pctri-Vivi
545 2199 635 2265 inter
658 2196 792 2265 domum
820 2199 1026 2265 thesaurarii
1054 2219 1096 2264 ax
1119 2219 1187 2266 una
1211 2203 1307 2288 parta
1332 2201 1367 2264 et

330 2312 463 2380 domum
479 2311 646 2393 Zacharii,
656 2315 778 2402 potiar,
792 2333 834 2380 ex
850 2314 970 2393 altera,
986 2315 1033 2380 vii
1050 2333 1078 2380 s.
1089 2317 1132 2392 t„
1149 2315 1183 2379 vi
1196 2312 1229 2380 d.
1246 2313 1367 2378 elemo-

335 2431 410 2496 sina
429 2430 463 2496 vi
478 2428 511 2494 d.
530 2429 732 2520 pulsatores,
754 2431 931 2498 solvendos
957 2429 1099 2510 hacdie,
1119 2435 1157 2497 ut
1179 2430 1215 2495 in
1239 2429 1364 2497 litteris

333 2545 424 2610 curie
441 2544 655 2624 senonensis,
677 2548 880 2616 continetur.

374 2661 458 2729 Item
473 2681 532 2749 pro
545 2661 660 2730 codem
679 2668 714 2732 et
737 2683 797 2752 pro
813 2665 934 2743 Maria,
952 2683 1057 2730 uxore
1076 2682 1148 2742 sua,
1167 2662 1269 2728 habet
1284 2680 1366 2728 eon·

328 2782 461 2860 ventus,
481 2801 580 2868 super
603 2783 735 2849 vineam
759 2783 795 2846 in
817 2782 904 2860 ualle
928 2781 1067 2867 Masoye
1083 2781 1119 2846 iii
1136 2801 1163 2846 s.
1183 2783 1208 2848 t.
1227 2779 1366 2845 redden·

328 2894 388 2962 dos
406 2897 441 2961 in
456 2899 604 2966 crastino
620 2897 1006 2977 Omnium-Sanctorum,
1030 2901 1067 2965 ut
1087 2899 1122 2963 in
1144 2897 1220 2964 aliis
1242 2897 1367 2965 litteris

331 3014 533 3081 continetur.

362 3141 477 3189 Dubium.
490 3168 521 3178 —
537 3145 577 3190 En
593 3145 648 3191 Vau
664 3145 763 3191 Maean.

374 3232 497 3300 Eadem
525 3233 599 3313 die,
625 3233 718 3302 Obiit
752 3234 874 3302 Petrus
915 3235 1024 3302 dicius
1057 3235 1267 3312 Putechere,
1304 3253 1364 3320 pro

328 3369 392 3436 quo
407 3347 510 3417 habet
522 3355 706 3419 conventus
721 3348 808 3437 apud
825 3349 1245 3436 Maleyum-Vicecomitis,
1265 3367 1364 3435 super

329 3465 412 3532 duas
431 3466 542 3552 pecias
571 3471 662 3536 terre
687 3487 828 3554 quarum
856 3488 922 3533 una
950 3469 1018 3535 sita
1039 3472 1092 3536 est
1123 3466 1165 3534 ad
1183 3465 1363 3553 pratellum

330 3582 429 3669 juxta
456 3587 583 3651 terram
613 3583 839 3652 Sancti-Pauli
863 3583 904 3650 de
925 3585 1047 3652 Vanna
1086 3588 1120 3652 et
1148 3583 1250 3670 juxta
1274 3584 1364 3649 viam

331 3714 552 3777 communem,
573 3703 607 3766 et
639 3698 706 3765 alia
730 3701 825 3785 pecia
843 3700 910 3767 sita
930 3704 981 3767 est
1005 3701 1041 3765 in
1063 3699 1135 3766 ioco
1152 3719 1216 3785 quo
1241 3697 1364 3765 dicitur

332 3815 382 3901 Ad
399 3815 507 3884 Prata
534 3815 784 3902 iuxtaterram
818 3813 1134 3882 Sancti-iohannis
1162 3814 1364 3881 senonensis

331 3936 365 4000 et
395 3933 496 4020 juxta
534 3937 661 3999 terram
698 3932 875 3998 Laurencii
909 3931 1035 3998 Viliart
1064 3931 1106 3996 ad
1147 3932 1235 3999 viam
1266 3929 1365 3995 desoz

331 4049 463 4116 Merruz
489 4050 524 4115 in
543 4050 679 4116 censiva
701 4049 840 4136 Majoris
867 4049 1068 4115 Domus-Dei
1081 4099 1090 4132 ,
1119 4052 1219 4136 prout
1242 4047 1277 4112 in
1306 4046 1366 4113 lit-

332 4166 416 4234 teris
437 4167 527 4233 curia
548 4165 750 4234 senonensis
766 4167 968 4245 continetur,
990 4187 1010 4233 v
1031 4142 1060 4231 sss
1078 4169 1105 4233 t.
1127 4162 1365 4253 persolvendos
