3168 5012
587 500 813 612 *2274

239 705 308 771 Pro
327 703 487 783 Roberto,
503 702 704 791 presbitero,
722 703 771 768 xii
786 701 819 770 d.
836 723 869 791 p.
974 713 977 719 ’

229 829 308 878 Filius
318 829 446 878 iravniiiie
455 800 507 878 ¹dou
519 829 645 881 Ghnrnier.

240 927 308 994 Pro
329 929 450 1008 Maria,
471 929 591 998 relicta
609 929 652 994 H.
671 929 790 1007 Bonei,
808 929 857 993 xii
878 926 908 993 d.
931 948 961 1014 p.

232 1042 385 1091 Christianus
396 1044 486 1092 Morins
494 1044 525 1092 de
539 1043 724 1092 cherbonibres.

241 1144 309 1210 Pro
327 1144 464 1223 Milone,
481 1145 593 1232 priore
615 1142 656 1210 de
676 1142 888 1223 Andrisiaoo,
906 1143 939 1209 vi
955 1139 988 1208 d.
1005 1162 1035 1228 p.

228 1269 349 1318 Gerendus
364 1271 395 1318 de
410 1271 536 1319 Puisioux.

226 1359 356 1408 Jobennes
368 1361 503 1420 Leboipne.
518 1385 550 1398 -
564 1360 670 1424 [Tierris
683 1360 701 1406 li
710 1360 810 1407 Blados.
825 1360 860 1407 bis
873 1354 921 1419 sb]

237 1459 335 1546 Apud
351 1461 645 1548 Maleyum-Regis
665 1479 767 1526 unum
783 1457 970 1526 sextarium
985 1455 1091 1523 ordei.

225 1583 377 1634 Laurenoius
393 1586 500 1638 Fiiioux.

241 1683 310 1750 Pro
329 1685 471 1772 Hugone
486 1683 590 1763 Gode,
607 1685 644 1749 iii
665 1704 692 1750 s.
709 1705 742 1771 p.

237 1800 305 1866 Pro
326 1799 446 1867 Gilone
462 1799 569 1868 Bodet
588 1804 623 1869 et
638 1805 760 1880 matre,
777 1800 826 1866 xii
840 1818 867 1888 s.
882 1820 915 1886 p.

222 1921 317 1970 Relicto
333 1924 383 1972 Ado
400 1925 422 1972 ie
438 1924 498 1972 Pisi.
947 1929 950 1934 ⁴

237 2024 306 2090 Pro
326 2022 453 2110 plantis
474 2027 570 2092 sutus
585 2044 698 2092 muros
719 2023 868 2092 Sancti-J
871 2023 1030 2103 ohannis,
1043 2023 1077 2090 vi
1089 2022 1135 2092 lb.
1149 2025 1184 2089 xi
1200 2044 1228 2090 s.

193 2126 254 2207 viii
270 2139 304 2206 d.
329 2161 362 2227 p.

235 2256 302 2322 Pro
323 2255 469 2343 Symone
486 2257 619 2338 abbate,
637 2259 730 2347 cujus
747 2257 1017 2326 anniversarium
1030 2254 1070 2324 fit
1087 2257 1122 2323 in
1137 2255 1231 2324 Mar·

192 2375 257 2452 oio,
271 2373 307 2440 lx
323 2393 350 2439 s.
365 2377 391 2441 t.
550 2380 553 2384 ’

224 2501 349 2548 Johannes
365 2514 414 2548 aux
427 2500 486 2546 buz.

236 2599 302 2666 Pro
322 2600 352 2664 J.
372 2598 412 2665 de
428 2597 592 2666 Pontibus
604 2602 639 2665 et
651 2577 857 2684 quibusdam
869 2598 958 2677 aliis,
975 2597 1011 2663 lx
1033 2618 1059 2663 s.
1076 2602 1104 2664 t.

225 2725 351 2772 Johnnnos
363 2723 448 2772 Baillet
464 2737 481 2770 x
493 2735 513 2770 s.
524 2723 630 2770 rovonot
640 2723 727 2773 nabot.

219 2815 246 2860 F.
262 2813 388 2870 Querreiei
403 2827 419 2860 x
436 2826 456 2862 s.
710 2787 714 2801 ι

221 2903 268 2950 Th.
284 2902 370 2950 Bnillei
382 2917 399 2950 x
413 2916 433 2950 s.

220 2992 345 3039 iohannes
359 2992 389 3039 de
400 2992 477 3052 Paqui
489 3005 505 3038 x
523 3004 545 3042 s.
708 3041 709 3046 ,

221 3081 247 3128 F.
265 3080 362 3128 Beiliiet
379 3095 410 3128 xx
421 3094 442 3128 s.
454 3105 484 3116 -
498 3082 586 3128 Gilons
600 3085 624 3126 et
640 3080 729 3126 Mario.

232 3177 299 3245 Pro
315 3178 649 3259 Andrea,'barberi0,
663 3179 758 3268 eujus
775 3178 1045 3247 anniversarium
1062 3176 1102 3246 fit
1119 3177 1154 3244 in
1166 3175 1227 3244 Ju-

193 3295 260 3375 nio,
277 3317 301 3362 x
314 3316 341 3363 s.
358 3300 384 3364 t.

221 3423 364 3471 Dominious
379 3422 476 3471 Divitis.

233 3519 297 3584 Pro
317 3519 460 3586 Henrioo
480 3519 646 3604 Bononio,
664 3521 835 3605 monacho,
855 3528 887 3586 et
900 3523 1062 3606 mepistro
1076 3519 1227 3586 leborino

192 3623 425 3718 Cbotarwnn
443 3655 471 3702 s.
488 3645 553 3703 ior.

221 3758 336 3805 Clemens
353 3759 475 3809 Renardi.

232 3860 296 3927 Hie
310 3857 474 3928 debentur
490 3859 667 3947 pensiones
684 3858 858 3927 vinearum
877 3858 918 3925 de
933 3856 1112 3938 Merdorel,
1128 3861 1166 3922 ei
1182 3858 1223 3924 lb.

188 3980 225 4042 io
241 3997 268 4043 o.

231 4093 298 4160 Pro
322 4092 421 4159 vinea
442 4092 483 4159 de
502 4092 536 4159 la
552 4093 673 4161 Pointe
691 4093 759 4160 blo
773 4091 912 4172 Ceubre,
931 4111 976 4159 xv
991 4111 1019 4160 s.
1040 4095 1067 4160 t.

219 4221 361 4268 conventus
373 4225 446 4268 tenet.
