3168 5012
733 467 932 535 -166-

354 615 439 680 Item
460 611 543 679 obiit
569 611 770 690 HerbertuS,
789 611 904 689 abbas,
929 630 990 696 pro
1004 631 1068 697 quo
1082 611 1185 678 habet
1204 632 1352 706 conven-

308 735 365 794 tus
381 731 616 813 superconsus
637 725 678 791 de
699 724 975 803 Callida-Fumo,
990 726 1049 792 viii
1073 747 1101 792 s.
1118 747 1165 813 p.,
1186 728 1353 795 etelemo·

310 843 386 909 sina
401 843 426 907 ii
442 863 470 908 s.
495 863 546 928 p.,
565 845 599 908 et
614 841 806 928 pulsatores
827 859 946 927 panem
966 840 1082 906 vinum
1097 846 1132 909 et
1147 842 1313 928 legumen.

354 937 557 1025 ItemJObiit
569 957 754 1035 Gerendus,
770 956 885 1031 abbas,
899 975 960 1043 pro
975 976 1040 1042 quo
1050 955 1153 1024 habet
1165 963 1351 1026 conventus

309 1074 345 1139 in
367 1071 457 1139 dicto
481 1093 583 1138 censu
600 1073 660 1140 viii
681 1052 708 1138 s.
728 1094 776 1158 p.,
796 1076 830 1138 et
844 1072 1028 1136 elemosina
1046 1073 1128 1138 xviii
1149 1071 1181 1138 d.
1204 1094 1294 1160 par„
1315 1080 1349 1141 et

310 1187 500 1273 pulsatores
513 1187 546 1253 vi
563 1186 596 1252 d.
615 1208 648 1273 p.
898 1250 904 1258 .

356 1302 441 1368 Item
457 1302 541 1369 obiit
560 1303 672 1388 Hugo,
691 1301 806 1378 abbae,
826 1320 887 1386 pro
905 1320 969 1385 quo
986 1299 1089 1367 habet
1103 1293 1289 1371 conventus
1303 1326 1349 1372 xv

290 1525 295 1538 '
312 1533 385 1601 ista
399 1534 635 1601 anniversaria
654 1532 797 1599 debebat
811 1531 927 1610 abbas,
945 1537 984 1610 ut
998 1533 1153 1620 superius
1177 1531 1351 1608 scribitur,

313 1648 371 1716 sed
395 1647 591 1727 Gaufridus,
619 1646 735 1725 abbas,
762 1667 863 1733 super
886 1645 1039 1714 redditus
1067 1668 1149 1733 quos
1170 1647 1354 1734 adquisivit

312 1765 480 1852 prioratui
496 1763 732 1849 Sancti-Lupi,
759 1761 901 1830 tradidit
920 1762 981 1828 hec
1000 1764 1235 1830 anniversaria
1250 1763 1355 1848 priori

313 1880 397 1949 dicti
412 1878 531 1946 locide
546 1882 658 1945 cetero
673 1876 907 1965 persolvenda.
963 1865 967 1873 ’

343 1995 412 2044 Prior
424 1995 455 2042 de
471 1994 556 2043 Naudo
573 2006 620 2041 cs.
635 1996 684 2040 tur.

362 2083 463 2150 ll.-
477 2085 509 2151 V
523 2082 637 2149 Yd.-
649 2079 741 2148 Obiit
756 2080 981 2168 Reignardus,
997 2082 1193 2159 monachus,
1211 2103 1272 2169 pro
1292 2103 1356 2169 quo

310 2201 522 2268 'infirmarius
542 2198 642 2265 debet
664 2219 697 2263 v.
720 2218 748 2262 s.
768 2218 800 2285 p.
825 2219 924 2284 super
953 2197 1180 2286 quadraginta
1213 2199 1355 2274 solidos,

166 2323 177 2328 '
314 2335 396 2402 quos
412 2315 584 2401 percipere
598 2313 698 2380 debet
714 2315 759 2378 'in
787 2313 987 2380 molendinis
1011 2335 1074 2400 que
1101 2316 1268 2401 quondam
1291 2317 1357 2382 he·

313 2429 414 2496 bebat
426 2428 609 2494 celerarius
630 2448 730 2514 super
751 2429 922 2513 Vannam.

345 2541 508 2590 infirmarius.

361 2633 413 2697 12.
424 2668 461 2682 -
476 2630 543 2695 IIII
559 2631 672 2697 Yd.-
687 2632 842 2719 Gregorii
860 2654 957 2719 pape.
985 2635 1068 2703 oottt
1086 2638 1251 2704 Heortcus
1269 2640 1352 2704 Boo·

312 2752 459 2830 quiesco
473 2746 528 2832 (l),
542 2750 601 2830 qui
617 2749 738 2830 depavit
750 2753 931 2813 convento-i
947 2769 971 2813 a
986 2752 1089 2816 tidros
1101 2758 1347 2834 turonensium,

314 2865 358 2928 od
382 2863 538 2929 emendos
565 2864 729 2946 redditus,
759 2883 824 2946 pro
848 2869 1086 2930 anniversario
1104 2870 1350 2949 consociando.

315 2977 537 3062 Compototur
554 2984 595 3044 in
609 2984 692 3062 festo
709 2981 854 3063 ivernali
882 2980 1152 3048 Sancti-Martini
1168 2995 1198 3049 et
1222 2988 1259 3066 fit
1274 3005 1355 3050 cum

313 3101 466 3178 sequenti
480 3099 731 3161 anniversario.

344 3207 375 3252 in
392 3208 457 3263 lecto
471 3208 586 3266 hyemali
601 3208 689 3255 Sancti
706 3211 811 3256 Martini
827 3216 989 3267 computatur
1005 3217 1029 3258 et
1039 3225 1088 3270 pro
1096 3213 1217 3270 mapistro
1239 3215 1356 3260 dohanas

314 3295 425 3343 Chotsrt.

360 3384 652 3452 13.-111Yu.-
670 3388 758 3466 Obiit
772 3395 934 3473 maqister
947 3392 1116 3456 lohannes
1139 3391 1273 3458 Circtort
1288 3413 1350 3477 pro
1370 3361 1373 3366 Ι

311 3504 409 3583 cujus
428 3507 665 3568 anniversario
675 3514 707 3569 et
713 3508 925 3588 precedentis
937 3508 1076 3573 Hearici
1091 3509 1184 3574 tabet
1197 3529 1347 3576 conven-

312 3627 367 3682 tus
378 3637 479 3700 super
487 3629 672 3701 arpentum
685 3623 783 3685 vinee
798 3626 904 3687 situm
922 3627 1140 3690 inamoeno
1154 3626 1194 3689 de
1210 3625 1345 3691 Modaio-

319 3734 524 3800 Vicecomitir
538 3739 579 3800 in
594 3737 660 3800 loco
675 3741 734 3819 qui
748 3738 874 3803 dicitur
893 3739 1070 3804 tardilticr
1086 3760 1154 3805 nno
1171 3761 1199 3807 a.
1221 3751 1244 3805 t.

343 3850 384 3895 Ad
398 3850 492 3905 {ectum
504 3850 592 3897 Sancti
609 3852 724 3903 Martini.

359 3938 640 4006 14.-11Yd.-
660 3939 719 4006 ob.

347 4107 381 4169 (tt
398 4110 542 4161 Monachus.
555 4111 589 4159 its
603 4112 642 4160 56.
