3164 5016
614 616 658 634 -
680 580 726 652 69
744 619 787 632 .-

126 703 142 738 ⁵
190 725 325 794 assidue
338 725 513 814 glorietur,
527 727 573 792 De
585 725 783 814 virginitate
796 725 879 794 dicit
898 724 1128 814 Augustinus:
1150 725 1233 792 Vir·

191 843 318 932 ginitas
340 846 395 910 est
417 843 530 910 carnis
554 842 762 930 incorruptio
787 861 862 909 uum
885 843 1084 930 integritate
1108 841 1232 910 mentis

191 963 327 1048 propter
347 959 449 1025 Deum
473 963 628 1028 servata.
644 960 688 1026 Et
715 959 825 1026 Beda:
853 957 1115 1046 Supergraditur
1131 959 1233 1046 virgi·

190 1075 282 1141 nitas
294 1073 518 1141 conditionem
530 1073 675 1139 humane
687 1077 807 1140 nature
817 1077 956 1159 propter
968 1092 1067 1157 quam
1079 1071 1231 1138 homines

192 1177 322 1278 angelis
345 1189 589 1256 assimilantur.
616 1188 727 1275 Major
748 1193 864 1256 tamen
884 1189 1029 1256 victoria
1049 1191 1101 1255 est
1121 1188 1233 1255 homi-

193 1325 272 1373 num
294 1325 392 1392 quam
411 1305 619 1393 angelorum,
642 1325 720 1371 nam
743 1305 856 1392 angeli
881 1305 954 1370 sine
977 1324 1079 1372 carne
1098 1307 1228 1384 uiuunt,

87 1489 94 1502 ,
193 1421 346 1489 homines
376 1426 488 1488 autem
513 1421 663 1508 virgines
689 1423 724 1485 in
751 1440 852 1488 carne
878 1420 1103 1508 triumphant.
1136 1420 1233 1488 Unde

194 1539 406 1604 ieronimus:
432 1539 496 1604 llla
511 1539 692 1626 uirginitas
712 1538 827 1607 hostia
844 1537 973 1605 Christi
990 1542 1042 1605 est
1057 1538 1151 1626 eujus
1171 1559 1233 1606 nec

194 1649 339 1724 mentem
363 1656 524 1744 cogitatio
547 1676 608 1722 nec
632 1675 767 1722 carnem
791 1655 895 1722 libido
913 1655 1146 1724 commaculat.
1168 1656 1232 1732 Qui

194 1773 280 1840 casti
294 1776 511 1860 perseverant
535 1772 589 1862 vel
609 1771 758 1858 virgines
779 1757 918 1858 propter
935 1791 1082 1839 amorem
1100 1773 1232 1840 Domini
1246 1767 1281 1831 10

194 1888 324 1976 angelis
343 1885 535 1956 efficiuntur
553 1887 700 1974 equales.
722 1887 873 1954 Castitas
893 1885 1022 1954 fructus
1043 1890 1156 1956 suavis
1180 1895 1233 1959 est

178 2028 257 2100 ¹que
276 2006 423 2072 animam
444 2003 646 2071 odoriferam
678 2005 714 2068 in
743 2004 895 2105 decorem
912 2009 1112 2084 conservat;
1145 2004 1232 2071 unde

109 2154 111 2157 ·
191 2122 405 2190 Bernardus:
438 2123 565 2208 Magna
592 2125 625 2187 et
652 2119 817 2187 mirabilis
844 2122 954 2189 virtus
984 2123 1125 2189 castitas
1153 2125 1228 2201 est;

154 2233 156 2237 ’
191 2236 299 2330 forma
313 2241 366 2305 est
376 2237 524 2324 justicie,
546 2237 714 2324 speculum
731 2239 964 2316 sanctimonie,
987 2239 1097 2306 anime
1116 2219 1229 2318 decor,

191 2355 340 2440 corporis
361 2355 716 2442 nitor,ornamentum
735 2355 913 2433 virtutum,
931 2357 1003 2422 uita
1019 2357 1228 2443 angelorum,

190 2491 312 2558 ymago
331 2471 403 2537 Dei.
426 2470 514 2537 Dicit
534 2471 767 2558 Augustinus:
797 2471 892 2539 Inter
915 2473 1028 2539 omnia
1045 2474 1231 2539 certamina

191 2587 460 2654 Christianorum
485 2585 623 2652 duriora
654 2590 734 2653 sunt
759 2588 946 2654 certamina
973 2589 1164 2680 castitatis;
1196 2593 1231 2656 et

191 2705 266 2772 ideo
290 2705 368 2791 quia
391 2702 560 2770 cotidiana
587 2724 711 2790 pugna.
741 2703 804 2771 Sed
833 2705 1060 2771 sacratissime
1080 2706 1230 2792 uirgines

192 2822 233 2889 de
262 2821 381 2908 quibus
411 2840 500 2886 nuno
529 2822 692 2887 memoria
727 2823 841 2908 agitur
876 2841 1018 2909 regnum
1049 2821 1163 2886 mundi
1197 2825 1232 2889 et

192 2959 323 3009 omnem
348 2941 504 3004 ornatum
529 2937 632 3003 seculi
657 2941 944 3029 contempnentes,
971 2941 1109 3026 propter
1136 2913 1281 3003 amo-2⁰

192 3075 263 3120 rem
283 3054 415 3120 Domini
433 3052 541 3119 nostri
556 3052 660 3118 lhesu
675 3052 815 3133 Christi,
835 3055 998 3143 cumipse
1013 3052 1232 3142 perhenniter

193 3171 394 3260 gloriantur.
417 3169 464 3236 De
486 3185 625 3254 quarum
648 3169 808 3236 societate
831 3173 910 3236 sunt
930 3170 1144 3236 sanctissime
1160 3168 1229 3236 vir-

194 3285 289 3372 gines
306 3304 446 3370 quarum
460 3303 602 3371 corpora
617 3305 675 3350 seu
690 3285 850 3372 reliquias
865 3305 1116 3353 conservamus.

346 3535 395 3609 DE!
414 3533 584 3594 rumonus
607 3535 716 3584 BEATE
739 3537 847 3586 MARIE
871 3538 1078 3587 MAGDALENE

236 3748 347 3817 Maria
360 3749 562 3838 Magdalena
577 3749 775 3816 clarissimis
791 3754 843 3818 est
859 3757 981 3820 exorta
996 3753 1169 3822 natalibus
1192 3775 1234 3824 ex

173 3868 288 3954 ¹regia
306 3869 410 3954 stirpe
430 3866 721 3942 descendentibus,
748 3868 850 3956 cujus.
869 3873 966 3956 pater
987 3870 1093 3957 Syrus
1111 3869 1177 3939 fuit
1200 3875 1235 3939 et

193 3988 303 4051 mater
313 3983 495 4050 Eucharia.
506 3984 627 4063 Maria,
639 4003 712 4050 cum
728 3982 836 4052 fratre
849 4005 908 4052 suo
924 3988 1054 4054 Lazaro
1069 3991 1104 4054 et
1119 4007 1233 4055 sorore

193 4100 344 4179 Martha,
355 4100 549 4186 Magdalum
562 4106 712 4169 castrum
728 4106 763 4169 et
778 4103 993 4182 Bethaniam,
1013 4125 1087 4170 curn
1110 4125 1233 4192 magna

193 4218 492 4288 iherosolimorum
503 4224 612 4310 parte,
627 4219 706 4308 jure
726 4220 945 4303 hereditario,
957 4222 1160 4312 possidebat.
1171 4223 1233 4292 Vi-
