3160 5016
765 567 965 636 -270-

343 712 457 801 gaudii
481 711 658 780 affluencia
677 711 860 802 gratulari,
878 711 957 778 dum
977 708 1168 777 Salvatoris
1182 707 1243 774 Dei
1263 711 1298 775 et
1318 707 1386 772 Do-

344 829 427 895 mini
450 831 557 898 nostri
582 828 837 896 Jhosu-Christi
861 825 978 894 fideles
997 828 1032 893 et
1050 826 1177 892 amicos
1204 824 1238 889 in
1263 822 1385 911 spiritu

342 944 550 1012 humilitatis
571 943 613 1012 ad
631 944 917 1011 restauracionem
938 945 973 1010 et
999 941 1253 1028 ampliacionem
1275 938 1385 1006 cultus

341 1061 447 1128 divini
464 1068 499 1130 et
515 1063 655 1128 ecclesie
669 1061 833 1129 ortodoxe
845 1060 997 1128 videmus
1011 1062 1047 1127 iu
1068 1060 1196 1127 sanctis
1213 1058 1284 1124 suis
1298 1055 1385 1122 mui-

341 1177 503 1265 tipliciter
523 1177 719 1245 collaudari.
739 1178 808 1254 Que
829 1198 890 1245 nos
906 1176 1030 1244 infimis
1045 1175 1307 1244 catitacionibus
1323 1172 1386 1239 ad·

342 1298 524 1378 vertentes,
549 1298 646 1362 tanto
667 1295 835 1363 attenoius
856 1294 898 1360 ad
919 1313 1034 1361 eorum
1061 1293 1247 1360 salutarem
1271 1291 1385 1358 inten-

341 1407 450 1477 dimus
465 1410 692 1491 devociouem,
712 1415 837 1499 quanto
853 1410 962 1500 magis
976 1409 1145 1478 credimus
1160 1413 1195 1477 et
1209 1426 1383 1497 speramus

340 1526 722 1615 Altissimumgloriari.
1155 1531 1158 1536 '

298 1719 301 1726 Ι
383 1639 464 1706 Cum
479 1641 584 1730 igitur
599 1641 740 1710 ecclesia
755 1641 897 1729 predicti
921 1641 1030 1708 nostri
1047 1640 1259 1718 monasterii,
1278 1659 1298 1705 a
1315 1641 1383 1727 pri·

339 1777 433 1824 mevo
454 1779 513 1824 suo
531 1756 743 1825 fundacionis
759 1759 911 1846 enordio,
934 1777 955 1824 a
970 1757 1167 1825 beatissimo
1181 1757 1376 1836 Saviniau0,

337 1873 485 1961 ejusdem
505 1875 692 1944 salvatoris
713 1876 822 1943 nostri
847 1873 1010 1961 discipulo
1037 1879 1071 1940 et
1093 1873 1280 1940 Galliarum
1300 1894 1380 1961 pro-

336 1991 558 2076 thomartire,
589 1994 763 2081 primoque
792 1992 1035 2058 Senonensium
1065 1990 1239 2081 pontifice,
1272 1990 1381 2056 adhuc

339 2109 435 2177 beato
446 2111 559 2195 Petro,
572 2110 800 2197 apostolorum
811 2111 974 2198 principe,
985 2111 1020 2176 in
1034 2109 1190 2176 humanis
1200 2109 1378 2189 existente,

336 2222 505 2292 fabricata
528 2233 562 2294 et
578 2225 733 2294 edificata
748 2225 813 2293 fuit
833 2225 891 2316 (i),
908 2225 1121 2315 postmodum
1133 2246 1214 2293 vero
1227 2225 1268 2290 ab
1281 2223 1380 2290 illus-

335 2341 683 2429 trissimomagnoque
696 2344 847 2430 principe
857 2342 1036 2426 Olodove0,
1050 2343 1159 2429 primo
1170 2343 1378 2408 Francorum

336 2458 522 2526 christiano
554 2478 654 2546 rege,
679 2460 713 2524 in
742 2459 810 2544 jam
840 2457 931 2527 dicta
960 2459 1102 2526 ecclesia
1134 2459 1376 2526 monasterium

336 2575 522 2663 predictum
549 2575 590 2642 ab
616 2576 683 2642 imo
709 2573 886 2643 fundatum
913 2577 1079 2660 extiterit,
1104 2579 1278 2665 ipsumque
1298 2597 1379 2662 pre·

336 2691 465 2759 diorum
479 2693 776 2780 acpossessionum
786 2693 886 2781 louge
901 2693 1034 2780 lateque
1049 2695 1251 2762 situatarum
1267 2714 1381 2780 quam·

335 2808 489 2895 piurimis
503 2807 690 2876 redditibus
705 2808 747 2875 ad
763 2811 822 2875 Dei
838 2809 978 2888 cultum,
995 2810 1134 2890 victum,
1149 2811 1377 2897 vestitumque

334 2926 563 2994 cothidianum
600 2926 916 3013 probatissimorum
956 2929 1118 3008 virorum,
1160 2928 1221 2995 sub
1262 2935 1378 2998 sancte

334 3043 449 3132 regule
463 3043 576 3122 titulo,
593 3044 705 3112 Decet
716 3044 908 3112 beatissime
925 3046 1051 3133 uirgini
1067 3046 1188 3124 Marte,
1204 3045 1379 3133 beatisque

284 3201 286 3208 ·
336 3161 498 3249 apostolis
516 3162 618 3228 Petro
637 3165 671 3228 et
692 3161 798 3228 Paulo
815 3182 855 3229 ac
873 3163 1027 3229 omnibus
1046 3164 1175 3230 sanctis
1188 3162 1310 3228 ibidem
1326 3163 1380 3230 die

334 3281 497 3363 nocteque
516 3275 755 3345 famolancium
774 3277 941 3374 ditissime
961 3277 1026 3347 fuit
1047 3279 1214 3357 dotatum,
1236 3299 1314 3365 ymo
1332 3277 1378 3344 fe·

333 3392 431 3460 licius
446 3398 617 3461 crescente
634 3414 673 3460 ac
688 3392 832 3462 florente
857 3395 893 3460 in
916 3394 1007 3463 dicta
1024 3395 1166 3462 ecclesia
1184 3400 1304 3463 sancta
1321 3414 1380 3460 re·

334 3508 470 3596 ligioue,
483 3511 570 3576 idem
581 3508 734 3577 dominus
749 3531 789 3577 ac
803 3510 960 3579 Salvator
970 3517 1098 3590 noster,
1109 3532 1170 3578 sua
1182 3511 1297 3578 divina
1313 3513 1378 3577 mi-

332 3627 513 3707 seratione,
526 3647 600 3693 cum
623 3629 770 3693 maximo
787 3633 981 3696 sanctorum
1002 3629 1165 3698 comitatu
1182 3649 1221 3696 ac
1237 3629 1378 3716 angelo-

362 3869 397 3934 (Ι)
413 3869 476 3919 Cotto
490 3871 617 3928 assortiou,
631 3884 663 3918 ou
680 3872 811 3920 dtsacoord
825 3885 885 3919 avec
895 3871 930 3920 les
946 3872 1098 3932 chroniquos
1110 3873 1255 3921 senonuises
1266 3872 1313 3933 qui
1332 3877 1373 3920 at·

333 3962 441 4008 tribuent
458 3961 672 4019 orneodeennde,
689 3961 740 4008 dlis
754 3961 784 4009 de
794 3961 894 4021 Gloria,
911 3961 937 4010 lu
950 3961 1080 4010 fondatiou
1102 3963 1133 4010 de
1150 3963 1375 4011 Satur-Pierre-le-

332 4051 382 4114 Vis,
397 4051 592 4112 s'nppliquorait,
602 4051 703 4099 suivant
715 4051 752 4098 los
763 4053 859 4100 memes
868 4052 1027 4112 chronicum,
1039 4051 1052 4098 t
1067 4052 1160 4112 l'eglise
1177 4052 1305 4113 primitivo
1318 4054 1375 4100 elo·

330 4142 378 4187 vec
395 4153 439 4202 par
458 4141 524 4188 saint
537 4140 655 4189 Savinien
668 4153 700 4188 ou
721 4141 920 4203 baini-Sauram,
938 4142 1001 4190 daus
1018 4142 1041 4189 le
1062 4142 1142 4204 hourg
1162 4143 1244 4192 voisin
1260 4145 1291 4192 de
1306 4144 1374 4192 Sons.

333 4228 419 4290 appele
435 4231 458 4275 le
471 4229 523 4287 Vis,
535 4229 561 4276 in
575 4229 630 4277 vico
647 4232 690 4288 qui
707 4232 802 4279 dicitur
818 4232 907 4281 Vivus.
