3164 5016
751 525 949 591 -110-

324 669 423 742 runt;
455 670 490 730 et
511 672 760 752 supposuerunt
794 669 904 754 ignem
929 687 1098 754 maguum.
1121 668 1214 732 Tunc
1242 673 1359 734 sancta

321 781 418 866 virgo
438 781 604 866 psallebat
623 788 657 848 et
672 782 851 868 gaudebat,
874 781 958 868 quod
977 783 1116 868 angelus
1136 783 1266 848 Domini
1284 787 1359 846 erat

321 915 395 961 cum
416 917 468 974 ea,
486 900 567 964 etin
583 898 656 984 ipso
669 898 801 966 fervore
823 919 889 965 non
905 903 958 965 est
972 903 1116 966 estuata.

363 1019 398 1093 a.
416 1013 559 1099 Propter
573 1015 764 1083 veritatem.

362 1128 472 1194 Lectio
491 1139 595 1195 secto.
624 1130 772 1216 Cumque
795 1129 969 1216 complecti
999 1133 1113 1197 esseut
1136 1133 1260 1216 septem
1286 1127 1357 1196 dies

319 1243 390 1322 alii,
403 1245 508 1331 jussit
528 1266 588 1312 rex
606 1249 737 1333 aperire
752 1246 921 1330 cacabum,
938 1244 994 1311 ubi
1008 1250 1083 1313 erat
1098 1250 1227 1322 sancta,
1252 1250 1289 1312 ut
1303 1247 1357 1313 vi·
1403 1285 1406 1292 ·

320 1359 414 1427 deret
435 1359 513 1445 quid
533 1359 658 1429 factum
676 1370 766 1430 esset
780 1363 821 1428 de
834 1383 885 1430 ea.
902 1363 1052 1429 Ministri
1064 1381 1144 1428 varo
1162 1381 1221 1448 pre
1234 1363 1356 1428 timore

320 1475 482 1546 ferventis
498 1477 611 1544 cacabi
627 1498 693 1544 non
708 1478 867 1546 valebant
881 1478 1013 1564 aperire
1032 1497 1119 1544 eum.
1138 1476 1289 1544 Exiebat.
1300 1497 1357 1542 au-

318 1598 385 1660 tem
402 1613 503 1660 sonus
517 1593 558 1660 de
570 1594 692 1662 cacabo
707 1599 802 1683 quasi
823 1600 1006 1667 tonitruus
1024 1599 1105 1666 Cum
1122 1600 1224 1686 platis
1244 1603 1355 1666 autem

273 1707 441 1776 loferreis
460 1716 665 1798 aperuerunt
692 1714 862 1792 cacabum,
889 1720 923 1783 et
945 1714 1104 1783 uiderunt
1125 1716 1291 1804 uirginem
1322 1718 1356 1781 in

318 1825 440 1892 cacabo
459 1826 643 1894 sedentem.
660 1827 825 1917 Fulgebat
844 1835 957 1898 autern
974 1830 1077 1897 facies
1100 1831 1173 1919 ejus
1193 1832 1281 1898 sicut
1298 1852 1356 1898 ra-

317 1940 393 2008 dius
416 1944 510 2022 solis,
534 1948 569 2011 et
587 1945 726 2013 tenebat
749 1950 829 2014 ante
854 1967 890 2013 se
911 1947 1038 2013 discum
1059 1968 1196 2014 aureum
1222 1947 1355 2034 plenum

291 2087 293 2094 >
316 2059 414 2125 melle
428 2065 463 2127 ot
478 2080 602 2127 manna
614 2066 649 2129 et
659 2063 749 2140 vino,
767 2083 863 2148 quem
876 2062 1045 2131 detulerat
1056 2064 1197 2150 angelus
1210 2063 1252 2129 ad
1266 2082 1352 2141 eam,

316 2179 354 2241 ut
370 2175 570 2244 comederet.
593 2177 686 2244 Tunc
709 2198 770 2245 rex
787 2178 873 2246 dixit
893 2159 1082 2246 ministris:
1111 2180 1187 2245 Non
1207 2179 1289 2245 bene
1304 2179 1355 2244 fe-

317 2292 412 2359 cistis
432 2292 587 2359 cacabum
611 2291 754 2362 fervere.
770 2293 894 2362 Sancta
907 2293 1041 2361 deintus
1062 2295 1257 2383 respondit:
1285 2297 1355 2382 Ap·

315 2409 537 2496 propinquate
558 2411 624 2476 huc
646 2415 681 2477 et
705 2408 829 2478 videta.
854 2410 898 2476 Et
917 2412 1059 2478 intinxit
1078 2431 1198 2478 manus
1219 2432 1296 2479 suas
1319 2415 1354 2480 in

316 2545 403 2612 aqua
416 2525 525 2594 calida
542 2531 577 2594 et
598 2526 695 2593 dixit.
719 2527 892 2613 Accipitea
912 2547 1010 2613 quam
1036 2528 1356 2616 maledictumque

315 2640 491 2709 benedicta
513 2662 600 2728 aqua
625 2662 692 2708 non
713 2643 809 2711 decet
829 2643 936 2710 vobis.
961 2644 1004 2711 Et
1028 2645 1153 2732 sparsit
1177 2665 1276 2732 super
1297 2665 1354 2710 eos

316 2777 436 2844 aquam
450 2758 605 2846 calidam,
623 2764 657 2827 et
672 2759 791 2827 cecidit
807 2780 908 2847 super
923 2761 1056 2827 occulos
1069 2781 1184 2828 eorum
1204 2765 1238 2828 at
1256 2780 1355 2850 super

266 2875 449 2942 tbocculos
471 2875 575 2963 regis,
597 2880 632 2942 et
659 2874 808 2943 obcecati
829 2881 908 2944 suut
932 2896 1047 2944 omnes
1072 2879 1127 2964 qui
1152 2879 1188 2943 iu
1212 2878 1355 2944 circuitu

314 2994 425 3057 crant.
450 2990 543 3056 Tunc
557 3010 618 3056 rex
636 2990 758 3056 cadens
772 2993 807 3056 in
823 2997 917 3060 terra
930 2992 1039 3060 dixit:
1058 2993 1152 3080 Rogo
1170 2999 1217 3071 te,
1236 2997 1353 3060 sancta

314 3105 451 3173 lucerna
469 3107 638 3186 veritatis,
659 3125 702 3174 ne
721 3109 952 3174 rememineris
976 3109 1271 3196 iniquitatemque
1290 3107 1353 3176 tibi

314 3219 390 3300 feci,
411 3221 468 3288 sed
490 3241 590 3309 parce
604 3223 688 3289 mihi
710 3226 745 3289 et
759 3242 880 3290 revoca
906 3243 958 3289 me
977 3224 1011 3289 in
1032 3223 1143 3289 lumen
1158 3223 1350 3309 pristinum,

313 3342 347 3404 ct
368 3338 563 3404 commenda
593 3359 646 3406 me
673 3359 747 3405 esse
775 3338 999 3405 christianum
1028 3343 1062 3406 et
1087 3342 1195 3405 totum
1211 3357 1349 3425 regnum

311 3473 433 3520 meum.
450 3455 542 3522 Tunc
553 3456 650 3542 virgo
661 3455 768 3523 letata
783 3453 977 3544 respondit:
996 3453 1113 3520 Credis
1126 3455 1161 3520 in
1174 3454 1277 3520 Deum
1290 3474 1352 3542 pa-

311 3573 397 3636 trem
418 3571 706 3658 omnipotentem?
723 3572 816 3638 Tunc
838 3592 900 3637 rex
924 3572 994 3637 ait:
1023 3570 1147 3637 Nescio
1169 3573 1221 3638 cui
1248 3571 1350 3638 debeo

311 3687 454 3754 credere.
472 3689 563 3754 Tunc
577 3693 705 3771 sancta,
724 3687 844 3756 fietens
862 3707 972 3776 genua
988 3708 1048 3756 sua
1061 3690 1095 3752 in
1108 3692 1212 3768 terra,
1231 3688 1350 3756 orabat

310 3824 384 3870 cum
400 3805 549 3871 lacrimis
567 3804 606 3870 ad
632 3806 821 3883 Dominum,
844 3803 894 3871 ita
914 3808 952 3870 ut
964 3809 1057 3871 terra
1070 3804 1282 3892 irrigaretur.
1306 3805 1349 3871 Et

309 3940 384 3986 cum
403 3926 519 4007 erepta
531 3919 652 3988 fuisset
670 3920 712 3987 ab
732 3921 898 3998 oratione,
919 3920 1046 4007 accepit
1069 3921 1176 3988 lutum
1200 3921 1286 4006 quod
1307 3920 1348 3987 de

261 4045 299 4112 30
309 4037 457 4104 lacrimis
470 4042 504 4104 et
518 4042 612 4105 terra
627 4035 765 4116 fecerat,
782 4041 817 4104 et
832 4055 959 4124 ponens
976 4057 1075 4124 super
1087 4038 1219 4104 occulos
1232 4058 1346 4104 eorum

221 4149 223 4154 ’
309 4152 423 4221 dixit:
451 4153 527 4240 Ipse
552 4173 611 4220 vos
631 4152 810 4232 illuminet,
836 4153 892 4239 qui
912 4171 989 4220 ceco
1015 4158 1096 4222 nato
1122 4154 1254 4221 occulos
1271 4175 1347 4242 ape·
