3180 5012
784 520 960 588 -48..

420 774 463 823 ou
483 775 610 825 snucvo
629 776 762 825 murum
780 777 949 826 urosrouo
971 777 1014 825 ar
1037 777 1081 824 uu
1103 777 1220 825 nourr
1237 777 1323 824 tuus
1349 789 1351 796 ·

769 857 971 941 evomueris

397 1103 502 1170 Judas
525 1103 672 1172 traditor
699 1106 831 1173 Domini
861 1106 1163 1193 cognominabatur
1199 1107 1324 1192 Symon
1356 1111 1392 1175 et

341 1217 560 1301 ,Scariothes
582 1220 672 1288 filius
701 1207 913 1289 fuit'Ruben
944 1226 1045 1290 natus
1075 1223 1111 1288 in
1141 1222 1328 1288 Jerusalem
1349 1221 1391 1288 de

235 1362 239 1367 ’
354 1333 498 1419 quadam
526 1335 665 1403 muliere
700 1335 852 1423 Cyborea
891 1338 1038 1404 nomine.
1073 1338 1143 1412 Que
1175 1338 1298 1404 marito
1330 1356 1391 1402 suo

356 1449 473 1517 Ruben
509 1452 666 1537 symonis
700 1454 873 1520 nunciavit
903 1451 1009 1518 filium
1048 1474 1145 1539 quem
1177 1457 1388 1540 conceperat,

354 1570 454 1650 prout
465 1587 526 1652 per
543 1569 729 1654 sompnium
742 1568 875 1636 viderat
886 1588 960 1634 esse
979 1570 1032 1634 sui
1049 1570 1182 1656 generis
1200 1569 1391 1636 destructo-

355 1700 438 1747 rem.
458 1682 531 1758 Qua
549 1682 590 1748 do
607 1703 712 1774 causa
727 1688 844 1752 natum
860 1685 1018 1752 timentes
1034 1703 1074 1750 ac
1089 1686 1197 1771 ipsum
1210 1683 1392 1751 abhorren-

355 1799 408 1862 tes
429 1798 579 1864 enutrirc
602 1798 638 1863 in
660 1799 805 1886 phicella
831 1801 978 1887 positum
1007 1800 1093 1866 mari
1114 1804 1298 1886 exponunt.
1329 1799 1392 1874 Qui

309 1913 414 1997 idper
428 1910 550 1980 fluctus
568 1913 608 1979 ad
633 1915 778 1982 insulam
794 1915 952 1982 Scarioht
969 1914 1114 1982 ducitur.
1141 1915 1171 1980 A
1191 1917 1310 2003 regina
1329 1934 1392 2001 que

238 2053 240 2056 ·
354 2027 426 2092 sine
440 2015 555 2094 liberis
568 2034 643 2097 erat
657 2031 871 2098 invenituret
883 2029 1019 2098 tandem
1034 2031 1184 2117 aregina
1198 2030 1391 2098 mentiendo

353 2140 442 2208 filius
458 2143 592 2211 dicitur.
622 2144 685 2211 Sed
702 2145 912 2230 postmodum
926 2146 1045 2233 regina
1060 2143 1166 2210 filium
1186 2146 1390 2233 legittimum

355 2239 513 2348 suscepit·
540 2267 574 2329 ot
591 2268 673 2330 tunc
689 2263 814 2332 dictum
834 2265 900 2332 fuit
915 2264 1000 2331 Jude
1020 2263 1107 2349 quod
1124 2283 1202 2330 vere
1220 2263 1310 2330 filius
1325 2286 1392 2331 non

355 2381 440 2444 erat.
458 2376 521 2450 Qui
533 2376 630 2442 valde
643 2378 751 2445 iratus
765 2380 983 2446 vehementer
1001 2377 1147 2462 erubuit,
1173 2382 1208 2446 et
1221 2377 1326 2444 filium
1343 2379 1393 2443 le-

353 2491 523 2577 gittimum
542 2492 715 2561 interfecit
730 2500 765 2562 et
783 2496 819 2560 in
835 2494 1023 2562 Jerosalem
1039 2473 1184 2581 aufugit,
1207 2514 1306 2578 seque
1321 2494 1392 2580 Py-

353 2605 416 2674 lati
434 2607 525 2674 curie
541 2609 756 2695 mancipavit.
789 2610 893 2684 Quem
922 2629 1109 2696 agnoscens
1137 2609 1280 2694 Pylatus
1304 2607 1393 2675 mul·

352 2727 425 2791 tum
441 2725 580 2802 amavit,
599 2726 677 2810 quia
694 2724 837 2811 quodam
852 2724 951 2792 modo
966 2724 1056 2792 facto
1081 2725 1201 2790 similis
1219 2727 1293 2790 erat
1314 2723 1390 2788 sibi.

354 2838 504 2914 Quadam
523 2859 604 2907 vero
626 2840 679 2906 die
697 2840 796 2926 jussa
816 2840 932 2926 Pylati
950 2841 1135 2927 pomerium
1151 2839 1269 2906 Ruben
1283 2840 1393 2926 patris

356 2956 407 3021 sui
425 2955 579 3023 introivit
597 2960 631 3024 et
650 2975 751 3043 poma
772 2956 970 3024 vi'abstulit
992 2959 1027 3022 ct
1053 2961 1184 3042 patrem
1206 2954 1390 3023 interfecit.

308 3062 346 3126 20
356 3070 503 3137 Tandem
519 3071 636 3137 Ruben
660 3076 813 3139 mortuus
831 3073 1015 3150 invenitur,
1039 3072 1181 3157 Pylatus
1202 3092 1317 3139 omnes
1338 3069 1394 3136 fa-

356 3185 500 3253 cultates
526 3185 644 3252 Ruben
669 3186 755 3252 Jude
779 3186 922 3254 tradidit
941 3191 975 3254 et
991 3207 1143 3254 uxorem.
1171 3186 1234 3254 Sed
1261 3187 1391 3252 demum

356 3302 512 3388 cognovit
526 3301 631 3367 Judas
641 3302 753 3369 verbis
765 3303 853 3370 dicte
865 3302 1015 3390 Cyboree
1025 3303 1113 3389 quod
1126 3307 1234 3371 mator
1245 3323 1306 3368 sua
1318 3306 1393 3368 erat

357 3421 391 3483 et
410 3415 495 3502 quod
512 3421 644 3503 patrem
660 3417 892 3485 interfecerat.
924 3419 967 3486 Et
985 3422 1067 3486 tunc
1085 3419 1190 3485 Judas
1205 3419 1393 3504 penitentia

357 3535 467 3599 motus
482 3532 523 3598 ad
539 3535 715 3599 Dominum
732 3534 871 3599 Jhesum
885 3533 970 3600 adiit
986 3538 1021 3600 ct
1036 3536 1169 3601 veniam
1184 3521 1388 3621 imploravit.

356 3646 401 3713 m
413 3648 487 3733 pius
504 3647 626 3714 Jhesus
644 3649 753 3735 ipsum
767 3648 846 3716 fecit
868 3669 965 3714 suum
988 3631 1186 3734 discipulum
1208 3649 1277 3714 etin
1292 3666 1392 3731 apos-

355 3764 461 3830 tolum
478 3765 566 3829 huno
579 3765 693 3852 elegit.
709 3764 893 3839 Qui-Judas
905 3762 1116 3851 postmodnm
1130 3765 1238 3849 ipsum
1254 3763 1271 3826 J
1275 3763 1392 3827 hesum

355 3879 471 3946 Judeis
495 3879 644 3946 vendens
670 3879 813 3947 tradidit
840 3883 874 3945 et
897 3882 974 3964 post
993 3878 1112 3964 laqueo
1140 3897 1175 3942 se
1204 3876 1389 3964 suspendit.

304 3985 310 3995 ’
356 3995 438 4061 Cum
457 3996 562 4082 igitur
588 4013 676 4060 anno
700 3995 945 4060 incarnationis
963 3992 1283 4061 DominiXXXIII⁰
1303 3993 1393 4058 inter

357 4110 595 4177 Ascensionem
609 4115 643 4178 et
656 4105 902 4177 penthecosten
915 4110 1060 4196 apostoli
1075 4111 1110 4174 in
1122 4108 1280 4176 cenaculo
1294 4107 1394 4176 simul
