<?xml version="1.0" encoding="UTF-8"?>
<!DOCTYPE html PUBLIC "-//W3C//DTD XHTML 1.0 Transitional//EN"
    "http://www.w3.org/TR/xhtml1/DTD/xhtml1-transitional.dtd">
<html xmlns="http://www.w3.org/1999/xhtml" xml:lang="en" lang="en">
 <head>
  <title>
</title>
<meta http-equiv="Content-Type" content="text/html;charset=utf-8" />
  <meta name='ocr-system' content='tesseract 3.04.00' />
  <meta name='ocr-capabilities' content='ocr_page ocr_carea ocr_par ocr_line ocrx_word'/>
</head>
<body>
  <div class='ocr_page' id='page_1' title='image "./lelivredesreliq00prougoog_0310.png"; bbox 0 0 3160 5016; ppageno 0'>
   <div class='ocr_carea' id='block_1_1' title="bbox 654 467 852 534">
    <p class='ocr_par' dir='ltr' id='par_1_1' title="bbox 654 467 852 534">
     <span class='ocr_line' id='line_1_1' title="bbox 654 467 852 534; baseline 0 -1"><span class='ocrx_word' id='word_1_1' title='bbox 654 467 852 534; x_wconf 65' lang='grc'><strong>»273-</strong></span> 
     </span>
    </p>
   </div>
   <div class='ocr_carea' id='block_1_2' title="bbox 233 611 1349 1402">
    <p class='ocr_par' dir='ltr' id='par_1_2' title="bbox 233 611 1272 798">
     <span class='ocr_line' id='line_1_2' title="bbox 233 611 1272 702; baseline 0 -24"><span class='ocrx_word' id='word_1_2' title='bbox 233 611 311 679; x_wconf 88' lang='lat' dir='ltr'><strong>aliis</strong></span> <span class='ocrx_word' id='word_1_3' title='bbox 331 612 483 679; x_wconf 88' lang='lat' dir='ltr'><strong>ecclesiis</strong></span> <span class='ocrx_word' id='word_1_4' title='bbox 512 613 781 702; x_wconf 82' lang='lat' dir='ltr'><strong>parrochialibus</strong></span> <span class='ocrx_word' id='word_1_5' title='bbox 807 617 843 686; x_wconf 87' lang='lat' dir='ltr'><strong>et</strong></span> <span class='ocrx_word' id='word_1_6' title='bbox 869 611 1007 701; x_wconf 89' lang='lat' dir='ltr'><strong>capellis</strong></span> <span class='ocrx_word' id='word_1_7' title='bbox 1033 611 1129 680; x_wconf 90' lang='lat' dir='ltr'><strong>nobis</strong></span> <span class='ocrx_word' id='word_1_8' title='bbox 1155 614 1189 680; x_wconf 89' lang='lat' dir='ltr'><strong>et</strong></span> <span class='ocrx_word' id='word_1_9' title='bbox 1214 629 1272 678; x_wconf 87' lang='lat' dir='ltr'><strong>eo-</strong></span> 
     </span>
     <span class='ocr_line' id='line_1_3' title="bbox 235 727 1269 798; baseline -0.001 -4"><span class='ocrx_word' id='word_1_10' title='bbox 235 727 338 794; x_wconf 88' lang='lat' dir='ltr'><strong>clesie</strong></span> <span class='ocrx_word' id='word_1_11' title='bbox 361 734 478 797; x_wconf 88' lang='lat' dir='ltr'><strong>nostre</strong></span> <span class='ocrx_word' id='word_1_12' title='bbox 502 729 646 797; x_wconf 90' lang='lat' dir='ltr'><strong>subditis</strong></span> <span class='ocrx_word' id='word_1_13' title='bbox 674 729 887 798; x_wconf 80' lang='lat' dir='ltr'>celebrantur</span> <span class='ocrx_word' id='word_1_14' title='bbox 912 750 970 796; x_wconf 90' lang='lat' dir='ltr'><strong>seu</strong></span> <span class='ocrx_word' id='word_1_15' title='bbox 998 727 1269 795; x_wconf 89' lang='lat' dir='ltr'><strong>celebrabuntur.</strong></span> 
     </span>
    </p>

    <p class='ocr_par' dir='ltr' id='par_1_3' title="bbox 234 845 1349 1402">
     <span class='ocr_line' id='line_1_4' title="bbox 278 845 1268 933; baseline 0 -23"><span class='ocrx_word' id='word_1_16' title='bbox 278 845 439 912; x_wconf 87' lang='lat' dir='ltr'><strong>Preterea</strong></span> <span class='ocrx_word' id='word_1_17' title='bbox 457 866 531 922; x_wconf 87' lang='lat' dir='ltr'><strong>nos,</strong></span> <span class='ocrx_word' id='word_1_18' title='bbox 554 846 636 915; x_wconf 90' lang='lat' dir='ltr'><strong>dicti</strong></span> <span class='ocrx_word' id='word_1_19' title='bbox 657 846 759 914; x_wconf 91' lang='lat' dir='ltr'><strong>abbas</strong></span> <span class='ocrx_word' id='word_1_20' title='bbox 775 851 809 915; x_wconf 89' lang='lat' dir='ltr'><strong>et</strong></span> <span class='ocrx_word' id='word_1_21' title='bbox 823 851 1008 914; x_wconf 86' lang='lat' dir='ltr'><strong>conventus</strong></span> <span class='ocrx_word' id='word_1_22' title='bbox 1028 845 1268 933; x_wconf 82' lang='lat' dir='ltr'><strong>prenominati,</strong></span> 
     </span>
     <span class='ocr_line' id='line_1_5' title="bbox 234 941 1272 1060; baseline 0.003 -34"><span class='ocrx_word' id='word_1_23' title='bbox 234 960 448 1029; x_wconf 85' lang='lat' dir='ltr'><strong>fundavimus</strong></span> <span class='ocrx_word' id='word_1_24' title='bbox 465 967 500 1031; x_wconf 89' lang='lat' dir='ltr'><strong>et</strong></span> <span class='ocrx_word' id='word_1_25' title='bbox 516 963 759 1043; x_wconf 86' lang='lat' dir='ltr'><strong>ordinavimus,</strong></span> <span class='ocrx_word' id='word_1_26' title='bbox 776 984 815 1032; x_wconf 90' lang='lat' dir='ltr'><strong>ao</strong></span> <span class='ocrx_word' id='word_1_27' title='bbox 829 967 1079 1060; x_wconf 86' lang='lat' dir='ltr'><strong>perpresentes</strong></span> <span class='ocrx_word' id='word_1_28' title='bbox 1092 941 1272 1029; x_wconf 89' lang='lat' dir='ltr'><strong>fundamus</strong></span> 
     </span>
     <span class='ocr_line' id='line_1_6' title="bbox 234 1078 1274 1169; baseline 0.003 -25"><span class='ocrx_word' id='word_1_29' title='bbox 234 1082 268 1146; x_wconf 88' lang='lat' dir='ltr'><strong>et</strong></span> <span class='ocrx_word' id='word_1_30' title='bbox 283 1078 477 1147; x_wconf 80' lang='lat' dir='ltr'><strong>ordinamus</strong></span> <span class='ocrx_word' id='word_1_31' title='bbox 493 1101 593 1148; x_wconf 90' lang='lat' dir='ltr'><strong>unam</strong></span> <span class='ocrx_word' id='word_1_32' title='bbox 611 1083 749 1148; x_wconf 90' lang='lat' dir='ltr'><strong>missam</strong></span> <span class='ocrx_word' id='word_1_33' title='bbox 764 1081 800 1146; x_wconf 92' lang='lat' dir='ltr'><strong>in</strong></span> <span class='ocrx_word' id='word_1_34' title='bbox 814 1082 941 1148; x_wconf 88' lang='lat' dir='ltr'><strong>honore</strong></span> <span class='ocrx_word' id='word_1_35' title='bbox 956 1080 1150 1148; x_wconf 89' lang='lat' dir='ltr'><strong>beatissimo</strong></span> <span class='ocrx_word' id='word_1_36' title='bbox 1164 1081 1274 1169; x_wconf 83' lang='lat' dir='ltr'><strong>virgi·</strong></span> 
     </span>
     <span class='ocr_line' id='line_1_7' title="bbox 234 1195 1349 1284; baseline 0.005 -26"><span class='ocrx_word' id='word_1_37' title='bbox 234 1195 289 1259; x_wconf 87' lang='lat' dir='ltr'><strong>nis</strong></span> <span class='ocrx_word' id='word_1_38' title='bbox 306 1195 414 1263; x_wconf 84' lang='lat' dir='ltr'><strong>Maria</strong></span> <span class='ocrx_word' id='word_1_39' title='bbox 432 1196 497 1263; x_wconf 88' lang='lat' dir='ltr'><strong>dici</strong></span> <span class='ocrx_word' id='word_1_40' title='bbox 508 1201 541 1264; x_wconf 93' lang='lat' dir='ltr'><strong>et</strong></span> <span class='ocrx_word' id='word_1_41' title='bbox 556 1195 718 1264; x_wconf 85' lang='lat' dir='ltr'><strong>celebrari</strong></span> <span class='ocrx_word' id='word_1_42' title='bbox 739 1197 774 1264; x_wconf 92' lang='lat' dir='ltr'><strong>in</strong></span> <span class='ocrx_word' id='word_1_43' title='bbox 784 1197 856 1284; x_wconf 89' lang='lat' dir='ltr'><strong>jam</strong></span> <span class='ocrx_word' id='word_1_44' title='bbox 873 1198 965 1265; x_wconf 87' lang='lat' dir='ltr'><strong>dicta</strong></span> <span class='ocrx_word' id='word_1_45' title='bbox 983 1201 1102 1264; x_wconf 88' lang='lat' dir='ltr'><strong>nostra</strong></span> <span class='ocrx_word' id='word_1_46' title='bbox 1117 1196 1272 1276; x_wconf 88' lang='lat' dir='ltr'><strong>ecclesia,</strong></span> <span class='ocrx_word' id='word_1_47' title='bbox 1347 1211 1349 1214; x_wconf 82' lang='grc'><strong><em>·</em></strong></span> 
     </span>
     <span class='ocr_line' id='line_1_8' title="bbox 234 1310 1270 1402; baseline 0.004 -27"><span class='ocrx_word' id='word_1_48' title='bbox 234 1310 383 1396; x_wconf 90' lang='lat' dir='ltr'><strong>qualibet</strong></span> <span class='ocrx_word' id='word_1_49' title='bbox 413 1311 466 1380; x_wconf 90' lang='lat' dir='ltr'><strong>die</strong></span> <span class='ocrx_word' id='word_1_50' title='bbox 495 1313 637 1392; x_wconf 90' lang='lat' dir='ltr'><strong>sabbati,</strong></span> <span class='ocrx_word' id='word_1_51' title='bbox 656 1315 826 1402; x_wconf 87' lang='lat' dir='ltr'><strong>perpetuis</strong></span> <span class='ocrx_word' id='word_1_52' title='bbox 849 1315 1068 1402; x_wconf 79' lang='lat' dir='ltr'><strong>temporibus,</strong></span> <span class='ocrx_word' id='word_1_53' title='bbox 1087 1316 1157 1384; x_wconf 86' lang='lat' dir='ltr'><strong>alta</strong></span> <span class='ocrx_word' id='word_1_54' title='bbox 1176 1334 1270 1393; x_wconf 83' lang='lat' dir='ltr'><strong>voce,</strong></span> 
     </span>
    </p>
   </div>
   <div class='ocr_carea' id='block_1_3' title="bbox 234 1427 1275 1527">
    <p class='ocr_par' dir='ltr' id='par_1_4' title="bbox 234 1427 1275 1527">
     <span class='ocr_line' id='line_1_9' title="bbox 234 1427 1275 1527; baseline 0.006 -35"><span class='ocrx_word' id='word_1_55' title='bbox 234 1447 308 1492; x_wconf 91' lang='lat' dir='ltr'><strong>cum</strong></span> <span class='ocrx_word' id='word_1_56' title='bbox 323 1427 463 1496; x_wconf 91' lang='lat' dir='ltr'><strong>diacono</strong></span> <span class='ocrx_word' id='word_1_57' title='bbox 485 1434 520 1498; x_wconf 88' lang='lat' dir='ltr'><strong>et</strong></span> <span class='ocrx_word' id='word_1_58' title='bbox 545 1430 760 1510; x_wconf 87' lang='lat' dir='ltr'><strong>subdiacono,</strong></span> <span class='ocrx_word' id='word_1_59' title='bbox 778 1429 1111 1520; x_wconf 88' lang='lat' dir='ltr'><strong>probenefactoribus</strong></span> <span class='ocrx_word' id='word_1_60' title='bbox 1126 1431 1275 1527; x_wconf 80' lang='lat' dir='ltr'><strong>lumina-</strong></span> 
     </span>
    </p>
   </div>
   <div class='ocr_carea' id='block_1_4' title="bbox 233 1545 1373 1636">
    <p class='ocr_par' dir='ltr' id='par_1_5' title="bbox 233 1545 1373 1636">
     <span class='ocr_line' id='line_1_10' title="bbox 233 1545 1373 1636; baseline 0.006 -26"><span class='ocrx_word' id='word_1_61' title='bbox 233 1546 282 1611; x_wconf 90' lang='lat' dir='ltr'><strong>ris</strong></span> <span class='ocrx_word' id='word_1_62' title='bbox 314 1545 412 1613; x_wconf 89' lang='lat' dir='ltr'><strong>beate</strong></span> <span class='ocrx_word' id='word_1_63' title='bbox 439 1547 547 1614; x_wconf 87' lang='lat' dir='ltr'><strong>Maria</strong></span> <span class='ocrx_word' id='word_1_64' title='bbox 577 1548 721 1634; x_wconf 81' lang='lat' dir='ltr'><strong>uirginis</strong></span> <span class='ocrx_word' id='word_1_65' title='bbox 750 1548 888 1614; x_wconf 89' lang='lat' dir='ltr'><strong>ecclesio</strong></span> <span class='ocrx_word' id='word_1_66' title='bbox 915 1552 1031 1617; x_wconf 88' lang='lat' dir='ltr'><strong>nostre</strong></span> <span class='ocrx_word' id='word_1_67' title='bbox 1057 1548 1218 1636; x_wconf 89' lang='lat' dir='ltr'><strong>predicte,</strong></span> <span class='ocrx_word' id='word_1_68' title='bbox 1236 1551 1275 1616; x_wconf 90' lang='lat' dir='ltr'><strong>nt</strong></span> <span class='ocrx_word' id='word_1_69' title='bbox 1370 1588 1373 1598; x_wconf 84' lang='lat'><em>·</em></span> 
     </span>
    </p>
   </div>
   <div class='ocr_carea' id='block_1_5' title="bbox 205 1662 1277 3736">
    <p class='ocr_par' dir='ltr' id='par_1_6' title="bbox 233 1662 1277 2334">
     <span class='ocr_line' id='line_1_11' title="bbox 233 1662 1274 1752; baseline 0.005 -26"><span class='ocrx_word' id='word_1_70' title='bbox 233 1663 308 1752; x_wconf 91' lang='lat' dir='ltr'><strong>ipsa</strong></span> <span class='ocrx_word' id='word_1_71' title='bbox 320 1663 530 1729; x_wconf 88' lang='lat' dir='ltr'><strong>carissimum</strong></span> <span class='ocrx_word' id='word_1_72' title='bbox 551 1662 623 1750; x_wconf 91' lang='lat' dir='ltr'><strong>ejus</strong></span> <span class='ocrx_word' id='word_1_73' title='bbox 641 1662 759 1743; x_wconf 88' lang='lat' dir='ltr'><strong>filium,</strong></span> <span class='ocrx_word' id='word_1_74' title='bbox 776 1663 947 1730; x_wconf 92' lang='lat' dir='ltr'><strong>dominum</strong></span> <span class='ocrx_word' id='word_1_75' title='bbox 965 1674 1119 1732; x_wconf 90' lang='lat' dir='ltr'><strong>nostrum</strong></span> <span class='ocrx_word' id='word_1_76' title='bbox 1136 1665 1274 1731; x_wconf 89' lang='lat' dir='ltr'><strong>Jhesum</strong></span> 
     </span>
     <span class='ocr_line' id='line_1_12' title="bbox 233 1777 1275 1869; baseline 0.004 -25"><span class='ocrx_word' id='word_1_77' title='bbox 233 1777 419 1869; x_wconf 77' lang='lat' dir='ltr'><strong>christum,</strong></span> <span class='ocrx_word' id='word_1_78' title='bbox 440 1800 502 1868; x_wconf 93' lang='lat' dir='ltr'><strong>pro</strong></span> <span class='ocrx_word' id='word_1_79' title='bbox 521 1779 646 1846; x_wconf 90' lang='lat' dir='ltr'><strong>eisdem</strong></span> <span class='ocrx_word' id='word_1_80' title='bbox 666 1780 938 1849; x_wconf 77' lang='lat' dir='ltr'><strong>benefactoribus</strong></span> <span class='ocrx_word' id='word_1_81' title='bbox 959 1781 1119 1868; x_wconf 86' lang='lat' dir='ltr'><strong>dignetur</strong></span> <span class='ocrx_word' id='word_1_82' title='bbox 1133 1801 1275 1848; x_wconf 88' lang='lat' dir='ltr'><strong>exorare</strong></span> 
     </span>
     <span class='ocr_line' id='line_1_13' title="bbox 233 1894 1276 1983; baseline 0.004 -23"><span class='ocrx_word' id='word_1_83' title='bbox 233 1898 283 1973; x_wconf 91' lang='lat' dir='ltr'><strong>ut,</strong></span> <span class='ocrx_word' id='word_1_84' title='bbox 305 1915 379 1961; x_wconf 92' lang='lat' dir='ltr'><strong>cum</strong></span> <span class='ocrx_word' id='word_1_85' title='bbox 404 1895 464 1962; x_wconf 81' lang='lat' dir='ltr'><strong>lux</strong></span> <span class='ocrx_word' id='word_1_86' title='bbox 489 1895 590 1983; x_wconf 90' lang='lat' dir='ltr'><strong>hujus</strong></span> <span class='ocrx_word' id='word_1_87' title='bbox 618 1894 734 1963; x_wconf 91' lang='lat' dir='ltr'><strong>mundi</strong></span> <span class='ocrx_word' id='word_1_88' title='bbox 755 1897 910 1965; x_wconf 87' lang='lat' dir='ltr'><strong>mortalis</strong></span> <span class='ocrx_word' id='word_1_89' title='bbox 937 1896 1088 1975; x_wconf 88' lang='lat' dir='ltr'><strong>deliciet,</strong></span> <span class='ocrx_word' id='word_1_90' title='bbox 1108 1917 1190 1963; x_wconf 86' lang='lat' dir='ltr'><strong>vera</strong></span> <span class='ocrx_word' id='word_1_91' title='bbox 1216 1897 1276 1964; x_wconf 82' lang='lat' dir='ltr'><strong>lux</strong></span> 
     </span>
     <span class='ocr_line' id='line_1_14' title="bbox 234 2011 1277 2101; baseline 0.002 -23"><span class='ocrx_word' id='word_1_92' title='bbox 234 2011 367 2096; x_wconf 86' lang='lat' dir='ltr'><strong>celestis</strong></span> <span class='ocrx_word' id='word_1_93' title='bbox 382 2012 430 2077; x_wconf 89' lang='lat' dir='ltr'><strong>eis</strong></span> <span class='ocrx_word' id='word_1_94' title='bbox 443 2017 659 2100; x_wconf 88' lang='lat' dir='ltr'><strong>preparetur;</strong></span> <span class='ocrx_word' id='word_1_95' title='bbox 679 2015 714 2079; x_wconf 93' lang='lat' dir='ltr'><strong>in</strong></span> <span class='ocrx_word' id='word_1_96' title='bbox 728 2035 793 2100; x_wconf 88' lang='lat' dir='ltr'><strong>qua</strong></span> <span class='ocrx_word' id='word_1_97' title='bbox 805 2013 938 2101; x_wconf 90' lang='lat' dir='ltr'><strong>quidem</strong></span> <span class='ocrx_word' id='word_1_98' title='bbox 955 2013 1059 2079; x_wconf 91' lang='lat' dir='ltr'><strong>missa</strong></span> <span class='ocrx_word' id='word_1_99' title='bbox 1074 2013 1227 2080; x_wconf 88' lang='lat' dir='ltr'><strong>volumus</strong></span> <span class='ocrx_word' id='word_1_100' title='bbox 1241 2017 1277 2080; x_wconf 86' lang='lat' dir='ltr'><strong>et</strong></span> 
     </span>
     <span class='ocr_line' id='line_1_15' title="bbox 234 2128 1275 2217; baseline 0.002 -23"><span class='ocrx_word' id='word_1_101' title='bbox 234 2128 428 2194; x_wconf 89' lang='lat' dir='ltr'><strong>ordinamus</strong></span> <span class='ocrx_word' id='word_1_102' title='bbox 444 2149 668 2217; x_wconf 88' lang='lat' dir='ltr'><strong>quoscumque</strong></span> <span class='ocrx_word' id='word_1_103' title='bbox 680 2129 913 2198; x_wconf 86' lang='lat' dir='ltr'><strong>benefactores</strong></span> <span class='ocrx_word' id='word_1_104' title='bbox 927 2130 1016 2198; x_wconf 89' lang='lat' dir='ltr'><strong>dicte</strong></span> <span class='ocrx_word' id='word_1_105' title='bbox 1036 2135 1152 2197; x_wconf 91' lang='lat' dir='ltr'><strong>nostre</strong></span> <span class='ocrx_word' id='word_1_106' title='bbox 1167 2129 1275 2196; x_wconf 90' lang='lat' dir='ltr'><strong>eccle-</strong></span> 
     </span>
     <span class='ocr_line' id='line_1_16' title="bbox 235 2221 1272 2334; baseline 0.003 -25"><span class='ocrx_word' id='word_1_107' title='bbox 235 2221 282 2310; x_wconf 86' lang='lat' dir='ltr'><strong>sie</strong></span> <span class='ocrx_word' id='word_1_108' title='bbox 306 2248 340 2311; x_wconf 88' lang='lat' dir='ltr'><strong>ct</strong></span> <span class='ocrx_word' id='word_1_109' title='bbox 359 2245 536 2310; x_wconf 86' lang='lat' dir='ltr'><strong>luminaris</strong></span> <span class='ocrx_word' id='word_1_110' title='bbox 551 2245 693 2333; x_wconf 82' lang='lat' dir='ltr'><strong>predicti</strong></span> <span class='ocrx_word' id='word_1_111' title='bbox 721 2247 883 2314; x_wconf 89' lang='lat' dir='ltr'><strong>associari</strong></span> <span class='ocrx_word' id='word_1_112' title='bbox 906 2251 940 2314; x_wconf 89' lang='lat' dir='ltr'><strong>et</strong></span> <span class='ocrx_word' id='word_1_113' title='bbox 968 2245 1053 2313; x_wconf 90' lang='lat' dir='ltr'><strong>effici</strong></span> <span class='ocrx_word' id='word_1_114' title='bbox 1078 2247 1272 2334; x_wconf 84' lang='lat' dir='ltr'><strong>participes.</strong></span> 
     </span>
    </p>

    <p class='ocr_par' dir='ltr' id='par_1_7' title="bbox 205 2359 1277 3268">
     <span class='ocr_line' id='line_1_17' title="bbox 279 2359 1275 2452; baseline 0.005 -26"><span class='ocrx_word' id='word_1_115' title='bbox 279 2359 324 2428; x_wconf 91' lang='lat' dir='ltr'><strong>Ut</strong></span> <span class='ocrx_word' id='word_1_116' title='bbox 342 2364 453 2428; x_wconf 87' lang='lat' dir='ltr'><strong>autem</strong></span> <span class='ocrx_word' id='word_1_117' title='bbox 474 2362 629 2449; x_wconf 90' lang='lat' dir='ltr'><strong>specialis</strong></span> <span class='ocrx_word' id='word_1_118' title='bbox 648 2363 778 2429; x_wconf 88' lang='lat' dir='ltr'><strong>mencio</strong></span> <span class='ocrx_word' id='word_1_119' title='bbox 797 2364 1025 2450; x_wconf 85' lang='lat' dir='ltr'><strong>memoriaque</strong></span> <span class='ocrx_word' id='word_1_120' title='bbox 1036 2365 1219 2452; x_wconf 87' lang='lat' dir='ltr'><strong>perhennis</strong></span> <span class='ocrx_word' id='word_1_121' title='bbox 1234 2364 1275 2431; x_wconf 91' lang='lat' dir='ltr'><strong>de</strong></span> 
     </span>
     <span class='ocr_line' id='line_1_18' title="bbox 234 2472 1275 2568; baseline 0.005 -26"><span class='ocrx_word' id='word_1_122' title='bbox 234 2476 394 2566; x_wconf 87' lang='lat' dir='ltr'><strong>predictis</strong></span> <span class='ocrx_word' id='word_1_123' title='bbox 410 2478 638 2546; x_wconf 86' lang='lat' dir='ltr'><strong>confratribus</strong></span> <span class='ocrx_word' id='word_1_124' title='bbox 658 2479 838 2558; x_wconf 89' lang='lat' dir='ltr'><strong>habeatur,</strong></span> <span class='ocrx_word' id='word_1_125' title='bbox 857 2472 1107 2567; x_wconf 53' lang='lat' dir='ltr'><strong>oracionesque&#39;</strong></span> <span class='ocrx_word' id='word_1_126' title='bbox 1118 2501 1179 2568; x_wconf 90' lang='lat' dir='ltr'><strong>pro</strong></span> <span class='ocrx_word' id='word_1_127' title='bbox 1192 2482 1275 2568; x_wconf 88' lang='lat' dir='ltr'><strong>ipsis</strong></span> 
     </span>
     <span class='ocr_line' id='line_1_19' title="bbox 236 2593 1275 2681; baseline 0.005 -22"><span class='ocrx_word' id='word_1_128' title='bbox 236 2594 413 2681; x_wconf 87' lang='lat' dir='ltr'><strong>specialius</strong></span> <span class='ocrx_word' id='word_1_129' title='bbox 441 2595 523 2662; x_wconf 89' lang='lat' dir='ltr'><strong>fient</strong></span> <span class='ocrx_word' id='word_1_130' title='bbox 552 2600 586 2662; x_wconf 89' lang='lat' dir='ltr'><strong>et</strong></span> <span class='ocrx_word' id='word_1_131' title='bbox 612 2595 809 2676; x_wconf 87' lang='lat' dir='ltr'><strong>fundantur,</strong></span> <span class='ocrx_word' id='word_1_132' title='bbox 841 2596 994 2663; x_wconf 88' lang='lat' dir='ltr'><strong>volumus</strong></span> <span class='ocrx_word' id='word_1_133' title='bbox 1021 2602 1055 2664; x_wconf 91' lang='lat' dir='ltr'><strong>et</strong></span> <span class='ocrx_word' id='word_1_134' title='bbox 1080 2593 1275 2665; x_wconf 86' lang='lat' dir='ltr'><strong>ordinamus</strong></span> 
     </span>
     <span class='ocr_line' id='line_1_20' title="bbox 235 2709 1275 2800; baseline 0.003 -23"><span class='ocrx_word' id='word_1_135' title='bbox 235 2709 444 2778; x_wconf 89' lang='lat' dir='ltr'><strong>confratrum</strong></span> <span class='ocrx_word' id='word_1_136' title='bbox 468 2713 616 2778; x_wconf 91' lang='lat' dir='ltr'><strong>omniurn</strong></span> <span class='ocrx_word' id='word_1_137' title='bbox 640 2716 675 2780; x_wconf 91' lang='lat' dir='ltr'><strong>et</strong></span> <span class='ocrx_word' id='word_1_138' title='bbox 698 2712 907 2800; x_wconf 84' lang='lat' dir='ltr'><strong>singulorum</strong></span> <span class='ocrx_word' id='word_1_139' title='bbox 928 2714 1065 2779; x_wconf 86' lang='lat' dir='ltr'><strong>nomina</strong></span> <span class='ocrx_word' id='word_1_140' title='bbox 1089 2717 1124 2779; x_wconf 90' lang='lat' dir='ltr'><strong>et</strong></span> <span class='ocrx_word' id='word_1_141' title='bbox 1147 2732 1275 2800; x_wconf 85' lang='lat' dir='ltr'><strong>cogno-</strong></span> 
     </span>
     <span class='ocr_line' id='line_1_21' title="bbox 235 2827 1277 2915; baseline 0.001 -21"><span class='ocrx_word' id='word_1_142' title='bbox 235 2829 338 2907; x_wconf 93' lang='lat' dir='ltr'><strong>mina,</strong></span> <span class='ocrx_word' id='word_1_143' title='bbox 365 2829 399 2894; x_wconf 92' lang='lat' dir='ltr'><strong>in</strong></span> <span class='ocrx_word' id='word_1_144' title='bbox 422 2848 489 2894; x_wconf 89' lang='lat' dir='ltr'><strong>uno</strong></span> <span class='ocrx_word' id='word_1_145' title='bbox 510 2828 622 2895; x_wconf 88' lang='lat' dir='ltr'><strong>codice</strong></span> <span class='ocrx_word' id='word_1_146' title='bbox 641 2849 699 2896; x_wconf 88' lang='lat' dir='ltr'><strong>seu</strong></span> <span class='ocrx_word' id='word_1_147' title='bbox 715 2827 802 2894; x_wconf 90' lang='lat' dir='ltr'><strong>libro</strong></span> <span class='ocrx_word' id='word_1_148' title='bbox 817 2827 859 2903; x_wconf 87' lang='lat' dir='ltr'><strong>ad</strong></span> <span class='ocrx_word' id='word_1_149' title='bbox 874 2829 1138 2915; x_wconf 86' lang='lat' dir='ltr'><strong>perpetuamrei</strong></span> <span class='ocrx_word' id='word_1_150' title='bbox 1155 2849 1277 2895; x_wconf 92' lang='lat' dir='ltr'><strong>memo·</strong></span> 
     </span>
     <span class='ocr_line' id='line_1_22' title="bbox 235 2944 1277 3032; baseline 0 -22"><span class='ocrx_word' id='word_1_151' title='bbox 235 2945 321 3010; x_wconf 89' lang='lat' dir='ltr'><strong>riam</strong></span> <span class='ocrx_word' id='word_1_152' title='bbox 350 2945 525 3028; x_wconf 88' lang='lat' dir='ltr'><strong>conscribi,</strong></span> <span class='ocrx_word' id='word_1_153' title='bbox 555 2965 618 3031; x_wconf 91' lang='lat' dir='ltr'><strong>que</strong></span> <span class='ocrx_word' id='word_1_154' title='bbox 633 2944 827 3016; x_wconf 70' lang='lat' dir='ltr'><strong>rsecundum</strong></span> <span class='ocrx_word' id='word_1_155' title='bbox 853 2946 1016 3032; x_wconf 90' lang='lat' dir='ltr'><strong>temporis</strong></span> <span class='ocrx_word' id='word_1_156' title='bbox 1039 2944 1277 3032; x_wconf 84' lang='lat' dir='ltr'><strong>opportunita-</strong></span> 
     </span>
     <span class='ocr_line' id='line_1_23' title="bbox 235 3062 1277 3150; baseline -0.004 -18"><span class='ocrx_word' id='word_1_157' title='bbox 235 3066 307 3132; x_wconf 84' lang='lat' dir='ltr'><strong>tem</strong></span> <span class='ocrx_word' id='word_1_158' title='bbox 323 3064 358 3128; x_wconf 93' lang='lat' dir='ltr'><strong>in</strong></span> <span class='ocrx_word' id='word_1_159' title='bbox 378 3063 524 3150; x_wconf 91' lang='lat' dir='ltr'><strong>capitulo</strong></span> <span class='ocrx_word' id='word_1_160' title='bbox 549 3067 679 3140; x_wconf 88' lang='lat' dir='ltr'><strong>nostro,</strong></span> <span class='ocrx_word' id='word_1_161' title='bbox 692 3067 752 3130; x_wconf 90' lang='lat' dir='ltr'><strong>aut</strong></span> <span class='ocrx_word' id='word_1_162' title='bbox 771 3062 869 3142; x_wconf 88' lang='lat' dir='ltr'><strong>alias,</strong></span> <span class='ocrx_word' id='word_1_163' title='bbox 889 3062 945 3128; x_wconf 91' lang='lat' dir='ltr'><strong>ubi</strong></span> <span class='ocrx_word' id='word_1_164' title='bbox 963 3062 1082 3130; x_wconf 84' lang='lat' dir='ltr'><strong>melius</strong></span> <span class='ocrx_word' id='word_1_165' title='bbox 1102 3062 1206 3130; x_wconf 90' lang='lat' dir='ltr'><strong>fuerit</strong></span> <span class='ocrx_word' id='word_1_166' title='bbox 1221 3083 1277 3128; x_wconf 82' lang='lat' dir='ltr'><strong>ex·</strong></span> 
     </span>
     <span class='ocr_line' id='line_1_24' title="bbox 205 3179 636 3268; baseline 0 -22"><span class='ocrx_word' id='word_1_167' title='bbox 205 3215 207 3219; x_wconf 95' lang='lat'>·</span> <span class='ocrx_word' id='word_1_168' title='bbox 235 3179 386 3268; x_wconf 89' lang='lat' dir='ltr'><strong>pediens,</strong></span> <span class='ocrx_word' id='word_1_169' title='bbox 412 3181 636 3268; x_wconf 88' lang='lat' dir='ltr'><strong>publicentur.</strong></span> 
     </span>
    </p>

    <p class='ocr_par' dir='ltr' id='par_1_8' title="bbox 236 3297 1277 3736">
     <span class='ocr_line' id='line_1_25' title="bbox 280 3297 1275 3385; baseline 0 -20"><span class='ocrx_word' id='word_1_170' title='bbox 280 3299 427 3376; x_wconf 88' lang='lat' dir='ltr'><strong>Quilibet</strong></span> <span class='ocrx_word' id='word_1_171' title='bbox 443 3305 566 3368; x_wconf 84' lang='lat' dir='ltr'><strong>autem</strong></span> <span class='ocrx_word' id='word_1_172' title='bbox 583 3301 617 3365; x_wconf 92' lang='lat' dir='ltr'><strong>in</strong></span> <span class='ocrx_word' id='word_1_173' title='bbox 639 3299 730 3368; x_wconf 89' lang='lat' dir='ltr'><strong>dicta</strong></span> <span class='ocrx_word' id='word_1_174' title='bbox 749 3298 936 3366; x_wconf 90' lang='lat' dir='ltr'><strong>confratria</strong></span> <span class='ocrx_word' id='word_1_175' title='bbox 954 3298 1149 3385; x_wconf 89' lang='lat' dir='ltr'><strong>recipietur,</strong></span> <span class='ocrx_word' id='word_1_176' title='bbox 1165 3297 1275 3365; x_wconf 91' lang='lat' dir='ltr'><strong>dando</strong></span> 
     </span>
     <span class='ocr_line' id='line_1_26' title="bbox 236 3411 1277 3504; baseline 0.003 -23"><span class='ocrx_word' id='word_1_177' title='bbox 236 3417 329 3502; x_wconf 89' lang='lat' dir='ltr'><strong>operi</strong></span> <span class='ocrx_word' id='word_1_178' title='bbox 343 3417 483 3483; x_wconf 90' lang='lat' dir='ltr'><strong>ecclesie</strong></span> <span class='ocrx_word' id='word_1_179' title='bbox 498 3421 613 3484; x_wconf 90' lang='lat' dir='ltr'><strong>nostre</strong></span> <span class='ocrx_word' id='word_1_180' title='bbox 622 3417 771 3504; x_wconf 87' lang='lat' dir='ltr'><strong>predicte</strong></span> <span class='ocrx_word' id='word_1_181' title='bbox 787 3411 911 3483; x_wconf 85' lang='lat' dir='ltr'><strong>dietam</strong></span> <span class='ocrx_word' id='word_1_182' title='bbox 931 3416 1031 3482; x_wconf 89' lang='lat' dir='ltr'><strong>unius</strong></span> <span class='ocrx_word' id='word_1_183' title='bbox 1053 3415 1200 3503; x_wconf 90' lang='lat' dir='ltr'><strong>operarii</strong></span> <span class='ocrx_word' id='word_1_184' title='bbox 1222 3437 1277 3484; x_wconf 86' lang='lat' dir='ltr'><strong>so-</strong></span> 
     </span>
     <span class='ocr_line' id='line_1_27' title="bbox 237 3515 1277 3622; baseline 0 -24"><span class='ocrx_word' id='word_1_185' title='bbox 237 3534 303 3599; x_wconf 90' lang='lat' dir='ltr'><strong>mel</strong></span> <span class='ocrx_word' id='word_1_186' title='bbox 318 3536 352 3599; x_wconf 89' lang='lat' dir='ltr'><strong>in</strong></span> <span class='ocrx_word' id='word_1_187' title='bbox 362 3534 435 3600; x_wconf 88' lang='lat' dir='ltr'><strong>vita</strong></span> <span class='ocrx_word' id='word_1_188' title='bbox 449 3533 618 3602; x_wconf 87' lang='lat' dir='ltr'><strong>duntaxat</strong></span> <span class='ocrx_word' id='word_1_189' title='bbox 635 3538 695 3600; x_wconf 89' lang='lat' dir='ltr'><strong>aut</strong></span> <span class='ocrx_word' id='word_1_190' title='bbox 716 3526 864 3599; x_wconf 85' lang='lat' dir='ltr'><strong>valorem</strong></span> <span class='ocrx_word' id='word_1_191' title='bbox 881 3532 1029 3622; x_wconf 86' lang='lat' dir='ltr'><strong>ejusdem</strong></span> <span class='ocrx_word' id='word_1_192' title='bbox 1045 3531 1146 3610; x_wconf 83' lang='lat' dir='ltr'><strong>dieta,</strong></span> <span class='ocrx_word' id='word_1_193' title='bbox 1159 3515 1277 3600; x_wconf 74' lang='lat' dir='ltr'><strong>tanate</strong></span> 
     </span>
     <span class='ocr_line' id='line_1_28' title="bbox 238 3649 1277 3736; baseline -0.002 -20"><span class='ocrx_word' id='word_1_194' title='bbox 238 3649 279 3716; x_wconf 93' lang='lat' dir='ltr'><strong>ad</strong></span> <span class='ocrx_word' id='word_1_195' title='bbox 298 3649 547 3716; x_wconf 87' lang='lat' dir='ltr'><strong>conforencium</strong></span> <span class='ocrx_word' id='word_1_196' title='bbox 571 3655 702 3728; x_wconf 88' lang='lat' dir='ltr'><strong>nutum,</strong></span> <span class='ocrx_word' id='word_1_197' title='bbox 727 3669 785 3714; x_wconf 91' lang='lat' dir='ltr'><strong>seu</strong></span> <span class='ocrx_word' id='word_1_198' title='bbox 809 3649 1019 3716; x_wconf 90' lang='lat' dir='ltr'><strong>confratrum</strong></span> <span class='ocrx_word' id='word_1_199' title='bbox 1049 3649 1277 3736; x_wconf 86' lang='lat' dir='ltr'><strong>predictorum</strong></span> 
     </span>
    </p>
   </div>
   <div class='ocr_carea' id='block_1_6' title="bbox 236 3765 1278 3959">
    <p class='ocr_par' dir='ltr' id='par_1_9' title="bbox 236 3765 1278 3959">
     <span class='ocr_line' id='line_1_29' title="bbox 236 3765 458 3834; baseline 0.005 -3"><span class='ocrx_word' id='word_1_200' title='bbox 236 3765 458 3834; x_wconf 88' lang='lat' dir='ltr'><strong>voluntatem.</strong></span> 
     </span>
     <span class='ocr_line' id='line_1_30' title="bbox 281 3872 1278 3959; baseline -0.002 -19"><span class='ocrx_word' id='word_1_201' title='bbox 281 3873 363 3940; x_wconf 90' lang='lat' dir='ltr'><strong>Cum</strong></span> <span class='ocrx_word' id='word_1_202' title='bbox 390 3878 504 3941; x_wconf 89' lang='lat' dir='ltr'><strong>autem</strong></span> <span class='ocrx_word' id='word_1_203' title='bbox 533 3876 720 3940; x_wconf 85' lang='lat' dir='ltr'><strong>memorata</strong></span> <span class='ocrx_word' id='word_1_204' title='bbox 746 3872 888 3940; x_wconf 89' lang='lat' dir='ltr'><strong>ecclesia</strong></span> <span class='ocrx_word' id='word_1_205' title='bbox 913 3876 1032 3940; x_wconf 88' lang='lat' dir='ltr'><strong>nostra</strong></span> <span class='ocrx_word' id='word_1_206' title='bbox 1060 3873 1117 3950; x_wconf 89' lang='lat' dir='ltr'><strong>sit,</strong></span> <span class='ocrx_word' id='word_1_207' title='bbox 1140 3876 1179 3939; x_wconf 89' lang='lat' dir='ltr'><strong>ut</strong></span> <span class='ocrx_word' id='word_1_208' title='bbox 1199 3893 1278 3959; x_wconf 88' lang='lat' dir='ltr'><strong>pre·</strong></span> 
     </span>
    </p>
   </div>
   <div class='ocr_carea' id='block_1_7' title="bbox 237 3987 1277 4290">
    <p class='ocr_par' dir='ltr' id='par_1_10' title="bbox 237 3987 1277 4290">
     <span class='ocr_line' id='line_1_31' title="bbox 237 3987 1277 4078; baseline -0.002 -22"><span class='ocrx_word' id='word_1_209' title='bbox 237 3988 374 4068; x_wconf 91' lang='lat' dir='ltr'><strong>dicitur,</strong></span> <span class='ocrx_word' id='word_1_210' title='bbox 397 3989 522 4078; x_wconf 84' lang='lat' dir='ltr'><strong>regalis</strong></span> <span class='ocrx_word' id='word_1_211' title='bbox 551 3988 772 4072; x_wconf 88' lang='lat' dir='ltr'><strong>fundacionis,</strong></span> <span class='ocrx_word' id='word_1_212' title='bbox 800 3994 833 4056; x_wconf 90' lang='lat' dir='ltr'><strong>et</strong></span> <span class='ocrx_word' id='word_1_213' title='bbox 863 3989 899 4054; x_wconf 93' lang='lat' dir='ltr'><strong>in</strong></span> <span class='ocrx_word' id='word_1_214' title='bbox 926 4009 966 4056; x_wconf 87' lang='lat' dir='ltr'><strong>ea</strong></span> <span class='ocrx_word' id='word_1_215' title='bbox 985 3987 1173 4075; x_wconf 88' lang='lat' dir='ltr'><strong>antiquitus</strong></span> <span class='ocrx_word' id='word_1_216' title='bbox 1200 3987 1277 4054; x_wconf 91' lang='lat' dir='ltr'><strong>fun-</strong></span> 
     </span>
     <span class='ocr_line' id='line_1_32' title="bbox 237 4103 1276 4194; baseline 0 -23"><span class='ocrx_word' id='word_1_217' title='bbox 237 4104 309 4173; x_wconf 86' lang='lat' dir='ltr'><strong>dati</strong></span> <span class='ocrx_word' id='word_1_218' title='bbox 339 4110 454 4173; x_wconf 88' lang='lat' dir='ltr'><strong>essent</strong></span> <span class='ocrx_word' id='word_1_219' title='bbox 485 4105 730 4194; x_wconf 84' lang='lat' dir='ltr'><strong>quinquaginta</strong></span> <span class='ocrx_word' id='word_1_220' title='bbox 759 4105 911 4192; x_wconf 86' lang='lat' dir='ltr'><strong>religiosi</strong></span> <span class='ocrx_word' id='word_1_221' title='bbox 950 4125 1011 4192; x_wconf 94' lang='lat' dir='ltr'><strong>per</strong></span> <span class='ocrx_word' id='word_1_222' title='bbox 1040 4103 1276 4192; x_wconf 69' lang='lat' dir='ltr'><strong>&#39;supradictum</strong></span> 
     </span>
     <span class='ocr_line' id='line_1_33' title="bbox 1076 4225 1117 4290; baseline 0 0"><span class='ocrx_word' id='word_1_223' title='bbox 1076 4225 1117 4290; x_wconf 90' lang='lat'><strong>18</strong></span> 
     </span>
    </p>
   </div>
   <div class='ocr_carea' id='block_1_8' title="bbox 0 0 1589 5012">
    <p class='ocr_par' dir='ltr' id='par_1_11' title="bbox 0 0 1589 5012">
     <span class='ocr_line' id='line_1_34' title="bbox 0 0 1589 5012; baseline 0 0"><span class='ocrx_word' id='word_1_224' title='bbox 0 0 1589 5012; x_wconf 95' lang='lat' dir='ltr'><strong> </strong></span> 
     </span>
    </p>
   </div>
  </div>
 </body>
</html>
