3180 5012
778 535 955 601 ..50-

246 739 249 744 ,
341 679 505 748 inchoans
532 677 762 745 anativitate
787 674 1003 743 Precursoris
1030 672 1163 740 Domini
1191 669 1235 736 ad
1261 689 1383 736 ascen·

341 798 470 864 sionem
489 794 690 863 dominicam
704 791 915 869 terminavit,
930 789 1135 856 mentionem
1152 785 1279 852 iaciens
1295 782 1381 869 quod

341 908 497 995 discipuli
526 907 760 974 iherosolimis
792 904 971 970 redeuntes
1007 901 1188 969 adventum
1223 897 1383 984 Spiritus·

340 1023 456 1092 Sancti
488 1022 614 1090 diuinis
645 1023 681 1087 in
712 1020 866 1088 laudibus
897 1016 1130 1105 expectabant.
1159 1014 1242 1081 Cum
1269 1016 1382 1080 autem

339 1143 432 1226 esset
446 1138 565 1205 beatus
576 1139 685 1205 Lucas
706 1135 922 1224 septuaginta
935 1139 970 1201 et
985 1133 1284 1212 trinmannornm,
1299 1127 1383 1194 obiit

339 1256 375 1321 in
398 1254 542 1321 Bittinia
566 1251 612 1342 (l)
633 1253 900 1340 Spiritu-Sancto
931 1251 1068 1337 plenus;
1100 1247 1195 1335 cujus
1224 1264 1303 1312 ossa
1327 1244 1383 1310 vi-

340 1370 463 1436 cesimo
481 1369 675 1437 Constancii
700 1387 789 1436 anno
812 1351 1141 1452 Constantinopolim
1164 1366 1245 1430 sunt
1265 1365 1382 1429 trans-

339 1483 424 1553 lata.

342 1731 386 1780 nn
409 1733 538 1787 sineno
567 1732 706 1782 nnncuo
734 1733 991 1784 suvanonnns‘m
1016 1734 1059 1782 ur
1083 1734 1127 1783 on
1157 1734 1382 1786 raocnssmnn

294 1834 332 1898 io
770 1848 955 1898 msmruun

386 2059 511 2129 Beatus
538 2061 699 2129 Marchus
718 2062 953 2148 euvangeliste
978 2062 1042 2131 fuit
1065 2062 1248 2150 discipulos
1268 2067 1304 2130 ct
1323 2063 1382 2128 in-

339 2179 471 2262 terpres
486 2177 577 2245 beati
595 2177 701 2262 Petri.
719 2178 872 2264 Rogatus
888 2178 993 2244 Rome
1013 2199 1033 2244 a
1050 2177 1226 2257 fratribus,
1243 2180 1381 2264 scripsit

341 2295 575 2383 euvangelium
601 2292 771 2359 ab'inicio
789 2293 1005 2379 euvangelice
1032 2291 1272 2378 predicationis
1292 2293 1380 2359 inci-

338 2411 447 2496 piens,
464 2409 618 2496 pervenit
632 2426 737 2492 nsque
760 2406 802 2472 ad
822 2411 955 2493 tempus
972 2409 1179 2474 ascensionis
1194 2409 1327 2476 Domini
1345 2413 1381 2477 et

338 2525 578 2614 predicationis
587 2523 827 2610 discipulorum
837 2524 970 2589 Domini
983 2523 1181 2591 Salvatoris.
1198 2524 1381 2611 Assumpto

339 2659 450 2708 secum
472 2639 682 2726 euvangelio
697 2640 849 2726 perrexit
867 2639 1013 2726 Egypto.
1029 2639 1162 2704 Primus
1176 2639 1382 2706 Alexandria

337 2756 512 2824 Christum
541 2756 751 2824 annuncians
778 2755 973 2822 construxit
993 2755 1169 2822 ecclesiam
1196 2775 1235 2822 ac
1264 2761 1382 2844 postea

336 2892 397 2960 pro
410 2870 475 2938 fide
490 2870 619 2938 Christi
645 2874 761 2938 tentus
776 2875 811 2938 et
828 2871 981 2957 graviter
998 2869 1156 2951 afflictus,
1173 2873 1281 2958 primo
1295 2874 1382 2940 visi-

337 2987 468 3054 tatione
494 2986 648 3072 angelica
673 2986 879 3064 consolatus,
907 2985 1026 3052 deinde
1056 2987 1130 3074 ipso
1150 2987 1291 3054 Domino
1317 2987 1380 3054 sibi

287 3129 326 3194 20
337 3106 534 3189 apparente,
556 3101 598 3168 ad
618 3121 724 3188 regna
747 3101 886 3170 celestia
910 3105 964 3171 est
979 3107 1132 3170 vocatus.
1151 3103 1307 3171 Mortuus
1328 3108 1382 3172 est

336 3222 449 3284 autem
488 3221 605 3284 octavo
634 3213 780 3284 Neronis
803 3237 903 3284 anno.
936 3218 975 3284 Iu
1011 3216 1098 3285 festo
1119 3219 1231 3301 istius,
1260 3217 1379 3287 beatus

336 3331 520 3419 Gregorius
549 3332 711 3398 letaniam
736 3332 899 3419 maj0rem
921 3333 1083 3400 instituit.
1105 3333 1178 3400 Hac
1194 3333 1235 3400 de
1261 3353 1375 3412 causa,

337 3449 507 3535 quiacum
523 3447 666 3514 Romani
681 3447 716 3513 in
734 3447 867 3514 Pascha
882 3468 1002 3535 corpus
1017 3449 1151 3515 Domini
1173 3449 1375 3536 reciperent,

335 3560 548 3647 postmodum
566 3562 902 3629 commessationibus
921 3568 955 3630 et
972 3564 1067 3629 viciis
1087 3562 1190 3630 frena
1201 3565 1376 3643 laxabant,

336 3675 476 3763 ideoque
503 3676 663 3742 Dominus
680 3675 722 3742 ad
744 3677 829 3742 iram
849 3682 1051 3764 provocatus
1066 3683 1195 3765 pestem
1216 3681 1378 3767 inguina-

336 3791 421 3856 riam
436 3792 470 3855 in
493 3810 550 3857 eos
566 3792 668 3860 misit.
696 3792 784 3860 Nam
801 3793 955 3859 homines
976 3813 1036 3879 per
1054 3782 1248 3862 inflaturam
1266 3796 1301 3861 in
1324 3797 1381 3860 in-

310 3895 437 3993 ‘guine
460 3907 515 3974 vel
538 3907 670 3996 quando
699 3907 938 3976 sternutabant
965 3909 1018 3976 vel
1046 3909 1251 3990 oscitabant,
1268 3911 1379 3977 subito

352 4143 403 4213 ·(l)
421 4147 452 4195 La
468 4150 603 4200 mammarii
618 4135 686 4212 porte
700 4152 824 4202 Bittimia.
