3168 5012
715 545 917 612 ..238-

343 687 443 756 Prior
460 687 889 776 *Sancti-Lupide-Naudo
912 709 960 756 xx
985 709 1011 754 s.
1036 709 1069 775 p.
1097 691 1132 756 ot
1151 705 1212 774 pro
1236 691 1335 774 pastu

297 825 369 872 xxx
388 825 416 873 s.
430 827 464 894 p.

340 921 439 989 Prior
454 923 495 988 do
510 921 709 990 Andrisiaco
727 924 763 989 ix
783 944 809 989 s.
835 944 867 1010 p.

341 1038 441 1105 Prior
456 1037 496 1104 de
511 1039 677 1106 Auxonno
691 1059 763 1104 xxx
775 1059 802 1104 s.
818 1060 850 1126 p.
872 1043 906 1106 et
921 1057 981 1125 pro
993 1041 1093 1124 pastu
1111 1057 1184 1105 xxx
1204 1055 1232 1104 s.
1254 1057 1287 1124 p.

323 1155 324 1158 ’
342 1153 440 1221 Prior
454 1153 818 1222 Sancti-Bartholomei
835 1155 884 1221 xii
898 1173 926 1222 s.
949 1159 976 1222 t.

342 1271 443 1338 Prior
460 1270 500 1338 do
520 1271 662 1338 Reciaco
682 1272 716 1337 vi
733 1293 761 1339 s.
781 1274 809 1338 t.

341 1388 586 1454 Thesaurarius
608 1388 644 1454 lx
667 1407 695 1454 s.
713 1392 739 1454 t.

341 1502 551 1573 lufirmarius
563 1525 635 1570 xxx
653 1525 675 1569 v
692 1524 719 1569 s.
743 1508 769 1571 t.

335 1620 598 1688 Elemosinurius
611 1621 698 1690 xxiii
719 1642 746 1687 s.
768 1642 801 1710 p.

338 1735 465 1804 Cantor
477 1738 515 1802 iii
528 1759 554 1804 s.
569 1758 602 1824 p.
687 1747 690 1752 '

338 1853 499 1920 Dominus
515 1852 617 1922 abbas
633 1873 693 1941 pro
713 1855 887 1922 oeiorario.

337 1969 480 2037 struma
492 1973 531 2037 de
546 1991 659 2039 meuse
670 1973 841 2038 Decembri
852 1991 922 2038 uuo
933 1977 972 2036 iu
984 1973 1026 2037 lb.
1044 1975 1105 2038 uio
1117 1991 1145 2038 s.
1161 1973 1227 2038 od.

336 2089 510 2154 Prioribus
520 2098 552 2154 et
569 2089 827 2155 obedienciariiu
842 2093 924 2155 cciiii
939 2090 979 2155 lo.
994 2093 1078 2154 <ciiii
1092 2109 1120 2154 s,
1137 2092 1195 2154 iiii
1215 2090 1248 2154 d.

336 2287 401 2334 HEC
415 2287 503 2336 SUNT
515 2288 668 2345 OOSTUME
682 2287 749 2346 Qum
763 2287 877 2336 REOIPI
891 2287 1025 2336 DEBEN'I'
1038 2287 1109 2336 CUM
1121 2287 1226 2336 GENSU
1238 2288 1328 2336 APUD

292 2402 673 2452 romulus-surumouxm
697 2403 753 2452 DIE
779 2403 941 2452 nouimus
969 2403 1051 2451 Posr
1091 2403 1328 2452 NATIVITA'I'EM

291 2519 413 2567 DOMINI
448 2518 514 2566 PRO
539 2519 789 2569 ANNIVERSARIO
816 2517 979 2569 GAUFRIDI
993 2519 1135 2568 ABBA'PIS
1160 2517 1249 2578 QUOD
1270 2519 1327 2567 ΠΤ

291 2635 328 2684 ΙΝ
345 2635 510 2684 AUGUSTO.
957 2635 960 2642 '

335 2798 401 2864 Pro
421 2798 520 2865 vinea
539 2799 606 2866 sito
624 2799 658 2863 in
679 2797 773 2864 ochis
788 2796 953 2872 Gaufridi‚
975 2798 1009 2864 in
1025 2798 1097 2865 loco
1122 2799 1177 2884 qui
1202 2796 1325 2864 dicitur

288 2913 337 2979 les
353 2914 499 3002 Arpanz,
515 2913 616 3000 juxta
630 2916 763 2982 vineam
782 2914 918 3000 Juquini
938 2913 1064 2992 Hauon,
1083 2933 1147 3000 que
1162 2912 1227 2980 fuit
1251 2914 1324 2979 An·

289 3029 367 3096 dree
383 3029 423 3095 do
439 3029 635 3117 Alia-Ripa,
653 3035 689 3098 et
700 3030 797 3116 juxta
809 3030 941 3096 vineam
958 3030 1086 3096 Piohon
1104 3051 1166 3116 que
1179 3028 1244 3096 fuit
1262 3030 1324 3095 Το-

289 3164 379 3228 roan,
403 3165 463 3232 pro
482 3166 549 3212 una
567 3151 730 3226 costuma,
753 3147 903 3212 iminam
921 3145 1013 3213 ordei
1036 3151 1070 3214 et
1092 3167 1140 3212 xx
1159 3144 1192 3212 d.
1217 3150 1244 3214 t.
1261 3164 1323 3232 pro

288 3279 389 3328 censu
405 3267 439 3330 et
454 3282 514 3350 pro
532 3283 599 3330 una
609 3262 748 3350 gallina.

331 3379 398 3446 Pro
422 3380 489 3446 alia
503 3381 602 3447 uinea
617 3382 652 3446 in
666 3380 781 3448 eodem
795 3381 878 3458 loco,
902 3379 913 3444 i
930 3379 1055 3445 minam
1071 3377 1163 3444 ordei
1183 3398 1243 3465 pro
1255 3397 1321 3444 uua

287 3499 440 3562 costuma
451 3502 486 3564 et
503 3517 551 3563 xx
574 3496 606 3564 d.
629 3517 690 3586 pro
708 3517 810 3564 censu
825 3500 859 3564 ot
882 3515 942 3584 pro
959 3494 1098 3584 gallina.

317 3622 455 3682 Stephanus
468 3621 582 3671 Piohons.

330 3722 397 3790 Pro
421 3728 514 3792 terra
534 3725 600 3791 sita
619 3724 655 3789 in
675 3722 768 3789 ochis
792 3720 944 3789 Gaufridi
960 3721 1062 3807 juxta
1084 3721 1215 3787 vineam
1230 3719 1320 3786 Cha·

284 3837 342 3907 bot
357 3845 391 3907 et
405 3840 507 3927 juxta
522 3845 649 3909 terram
671 3837 982 3916 Sancte-Columbo,
1001 3838 1012 3902 i
1036 3836 1207 3904 minellum
1226 3835 1318 3904 ordei

284 3959 318 4024 et
332 3979 354 4024 v
368 3957 402 4023 d.
420 3977 480 4044 pro
497 3959 631 4045 sequela
642 3976 702 4045 pro
718 3956 856 4022 dimidia
870 3959 1032 4023 costuma.

313 4075 435 4135 inquimus
446 4074 541 4122 Bolout.

327 4173 395 4240 Pro
412 4173 479 4240 aliu
490 4174 585 4262 peoia
602 4178 693 4242 terre
709 4173 776 4243 sita
796 4174 832 4239 in
854 4169 969 4238 eodem
991 4171 1063 4240 loco
1076 4172 1175 4257 juxta
1188 4176 1315 4242 terram
