3164 5016
736 505 934 576 -108-

319 670 407 718 enm.
436 651 483 717 De
510 651 577 718 alio
596 653 729 718 nomine
749 651 836 738 quod
860 672 913 718 me
932 645 1164 738 interrogasti,
1182 639 1356 717 ¹Parasce-

320 767 512 846 vemdicor,
530 768 608 853 quia
625 769 745 855 inipso
764 767 818 834 die
837 768 919 836 vicit
938 769 1025 834 Deus
1040 765 1222 845 mundnm;
1241 770 1275 833 et
1294 784 1357 853 ego

320 883 476 951 similiter
491 903 551 971 per
566 903 687 950 nomen
705 883 777 970 ejus
796 885 906 962 vinco,
923 882 981 950 sed
996 882 1037 949 ab
1055 883 1132 948 aliis
1147 902 1213 949 non
1226 883 1354 948 vincor.

321 992 507 1087 Respondit
525 1020 587 1066 rex
612 1002 647 1067 et
665 1000 735 1067 ait:
755 999 858 1076 Quem
876 999 980 1066 Deum
1004 997 1153 1065 adoras?
1173 997 1358 1085 Respondit

319 1118 415 1204 virgo
431 1137 437 1182 :
453 1116 525 1203 Ego
539 1114 642 1182 adoro
656 1136 756 1184 unum
771 1116 875 1182 Deum
890 1135 1021 1186 verum,
1036 1115 1172 1181 Patrem
1185 1119 1220 1182 et
1236 1114 1359 1179 Filium

321 1237 356 1300 et
374 1230 724 1321 Spiritum-Sanctum.
746 1231 933 1319 Respondit
950 1252 1032 1298 rex:
1058 1225 1126 1298 Cur
1151 1250 1219 1296 non
1240 1229 1281 1296 ab
1296 1231 1360 1296 hac

321 1347 472 1414 stulticia
500 1347 656 1414 recedis?
680 1347 795 1414 Adora
828 1349 914 1414 Deos
951 1368 1054 1416 meos.
1089 1347 1224 1414 Venere
1250 1345 1357 1414 dixit:

322 1462 492 1538 Quomodo
508 1460 655 1530 adorabo
671 1463 750 1530 deos
763 1461 853 1542 tuoe,
873 1465 928 1550 qui
948 1462 1066 1532 flatum
1080 1482 1147 1529 non
1164 1461 1360 1529 habentnec

324 1580 478 1667 spiritum
506 1584 540 1646 et
565 1579 720 1646 menibus
742 1581 914 1646 hominum
936 1578 1018 1647 facti
1044 1582 1124 1645 sunt
1141 1599 1185 1644 ex
1205 1577 1307 1664 lignis
1325 1581 1360 1644 et

280 1687 516 1782 tolapidibusl
532 1696 628 1763 Muta
642 1704 676 1764 et
697 1696 799 1763 surda
815 1701 905 1774 sunt,
927 1701 962 1764 et
973 1696 1130 1764 demones
1154 1695 1313 1781 loquntur
1325 1695 1360 1761 in

326 1813 406 1890 illis,
429 1817 463 1880 et
478 1832 606 1889 omnes,
624 1813 680 1898 qui
696 1812 837 1880 credunt
857 1815 892 1879 in
907 1815 968 1892 eis,
990 1811 1160 1900 peribunt.

365 1931 398 2011 d.
422 1928 570 1994 Pulchra
589 1925 687 1994 facie.

369 2044 474 2108 Lectio
493 2053 623 2128 quarto.
648 2043 743 2110 Dixit
757 2063 820 2109 rex
841 2043 883 2110 ad
905 2044 1094 2132 virginem:
1113 2044 1195 2110 Juro
1218 2042 1280 2110 tibi
1303 2063 1363 2130 per

323 2159 535 2226 Anthemium
562 2151 597 2224 et
622 2158 811 2245 Apollinem
842 2164 877 2226 et
905 2159 1098 2239 Herculem,
1128 2159 1213 2244 quod
1243 2160 1272 2224 si
1295 2179 1362 2226 non
1429 2195 1434 2200 -

324 2272 520 2340 adoraveris
539 2273 619 2340 deos
635 2293 739 2352 meos,
753 2274 886 2341 tradam
904 2279 939 2341 te
958 2275 993 2338 in
1006 2295 1107 2340 mann
1122 2276 1254 2342 mortis.
1276 2277 1363 2343 Res-

323 2388 441 2476 pondit
456 2389 553 2476 virgo
570 2409 578 2455 :
601 2388 719 2455 Orex!
739 2389 871 2475 qualem
887 2389 1071 2456 stulticiam
1086 2390 1216 2470 dixisti,
1232 2396 1270 2458 nt
1283 2391 1366 2458 ado·
1389 2467 1396 2492 ἢ

324 2525 395 2570 rem
424 2505 595 2583 demones,
617 2490 700 2591 dnos
727 2511 766 2573 tn
787 2503 909 2570 adoras
938 2505 972 2568 in
1000 2503 1225 2591 perdicionem
1253 2507 1364 2572 enims

323 2620 408 2688 tuel
427 2621 498 2711 Ego
521 2641 588 2712 non
610 2621 710 2688 credo
730 2621 765 2686 in
782 2622 885 2688 alium
905 2621 971 2686 nisi
993 2621 1027 2686 in
1047 2641 1150 2688 unum
1175 2624 1278 2690 Deum
1304 2643 1364 2689 ve·

324 2757 408 2820 rum,
433 2737 489 2823 qui
507 2736 662 2804 extendit
678 2737 767 2804 celos
780 2742 815 2805 et
829 2742 957 2806 terram
972 2741 1147 2805 mensurat
1161 2737 1272 2824 palmo
1290 2757 1363 2816 suo,

276 2855 383 2940 ppqni
415 2853 597 2940 plasmavit
627 2855 772 2940 primum
801 2855 970 2921 hominem
998 2853 1106 2920 Adam
1131 2859 1166 2922 et
1194 2854 1299 2922 Evam
1332 2859 1366 2922 et
1473 2874 1476 2880 ’

326 2971 441 3036 omnia
459 2970 650 3037 animantia
673 2991 736 3056 qne
759 2975 838 3038 sunt
863 2972 899 3037 in
919 2975 1025 3039 terra.
1043 2971 1087 3039 Et
1102 2973 1152 3050 tu,
1177 2971 1363 3049 insensate,

327 3084 490 3172 quomodo
505 3087 613 3154 credis
629 3087 664 3152 in
680 3087 881 3176 Apollinem,
898 3089 955 3174 qui
969 3086 1080 3174 perdit
1096 3085 1219 3154 cotidie
1235 3087 1366 3152 animas

328 3201 510 3270 multorum
522 3208 557 3270 et
569 3208 663 3271 tuam
679 3205 825 3270 enimam
839 3204 989 3271 vultcito
1004 3203 1157 3291 perdere,
1175 3203 1203 3268 si
1217 3203 1284 3270 cito
1299 3221 1366 3268 non
1480 3265 1484 3272 .

329 3320 513 3387 revertaris
537 3319 579 3386 ad
602 3321 706 3386 Deum
720 3340 848 3387 verum.
871 3321 935 3388 Sed
953 3325 1133 3407 antequam
1146 3323 1316 3387 tormenta
1333 3323 1368 3386 te

330 3436 529 3523 percipiant,
544 3421 655 3514 crede,
673 3436 789 3515 adora,
806 3441 841 3504 et
859 3435 962 3503 lauda
981 3441 1132 3531 sanctam
1147 3435 1292 3502 Mariam
1303 3437 1369 3503 vir·

329 3552 453 3640 ginem,
472 3553 531 3618 Dei
544 3552 754 3639 genitricem,
777 3557 919 3619 matrem
941 3553 1013 3620 veri
1036 3552 1186 3630 luminis,
1203 3572 1270 3619 non
1289 3552 1369 3618 Dia-

331 3687 409 3735 nam
425 3689 488 3755 que
506 3673 559 3735 est
572 3673 683 3735 mater
701 3668 944 3735 demoniorum.
961 3669 1054 3734 Tunc
1077 3665 1192 3734 furore
1208 3669 1367 3754 repletus,

330 3787 487 3852 tirannus
503 3784 590 3850 dixit
608 3784 843 3851 carnificibus:
862 3786 1044 3873 Amputate
1063 3785 1094 3850 ei
1119 3775 1322 3850 mammillas
1337 3790 1371 3852 et

331 3899 432 3969 facite
452 3901 588 3967 archam
610 3906 644 3966 et
660 3901 786 3969 mittite
804 3902 839 3965 in
858 3921 1041 3980 carcerem,
1058 3905 1097 3968 ut
1114 3900 1236 3967 ibidem
1263 3905 1371 3967 morte

282 4033 320 4098 30
331 4019 530 4104 turpissima
557 4019 731 4085 moriatur.
753 4021 859 4086 Beata
875 4019 972 4105 virgo
990 4017 1239 4086 conducebatur
1251 4019 1286 4084 in
1303 4038 1374 4086 car·

333 4153 466 4213 cerem;
486 4134 644 4199 mulieres
664 4129 845 4202 veniebant
864 4139 899 4202 et
921 4133 1195 4202 lamentabantur
1218 4135 1374 4200 eamsAt
