<?xml version="1.0" encoding="UTF-8"?>
<!DOCTYPE html PUBLIC "-//W3C//DTD XHTML 1.0 Transitional//EN"
    "http://www.w3.org/TR/xhtml1/DTD/xhtml1-transitional.dtd">
<html xmlns="http://www.w3.org/1999/xhtml" xml:lang="en" lang="en">
 <head>
  <title>
</title>
<meta http-equiv="Content-Type" content="text/html;charset=utf-8" />
  <meta name='ocr-system' content='tesseract 3.04.00' />
  <meta name='ocr-capabilities' content='ocr_page ocr_carea ocr_par ocr_line ocrx_word'/>
</head>
<body>
  <div class='ocr_page' id='page_1' title='image "./lelivredesreliq00prougoog_0276.png"; bbox 0 0 3168 5012; ppageno 0'>
   <div class='ocr_carea' id='block_1_1' title="bbox 638 415 839 539">
    <p class='ocr_par' dir='ltr' id='par_1_1' title="bbox 638 415 839 539">
     <span class='ocr_line' id='line_1_1' title="bbox 638 415 839 539; baseline 0 -1"><span class='ocrx_word' id='word_1_1' title='bbox 638 415 839 539; x_wconf 72' lang='lat' dir='ltr'>..aan-</span> 
     </span>
    </p>
   </div>
   <div class='ocr_carea' id='block_1_2' title="bbox 222 612 1257 1160">
    <p class='ocr_par' dir='ltr' id='par_1_2' title="bbox 222 612 1257 1160">
     <span class='ocr_line' id='line_1_2' title="bbox 224 612 1257 704; baseline 0.001 -26"><span class='ocrx_word' id='word_1_2' title='bbox 224 612 380 693; x_wconf 91' lang='lat' dir='ltr'>Boulaut‚</span> <span class='ocrx_word' id='word_1_3' title='bbox 397 613 409 679; x_wconf 93' lang='lat' dir='ltr'>i</span> <span class='ocrx_word' id='word_1_4' title='bbox 428 614 600 682; x_wconf 78' lang='lat' dir='ltr'>misellum</span> <span class='ocrx_word' id='word_1_5' title='bbox 620 616 712 683; x_wconf 87' lang='lat' dir='ltr'>ordei</span> <span class='ocrx_word' id='word_1_6' title='bbox 724 620 759 684; x_wconf 87' lang='lat' dir='ltr'>et</span> <span class='ocrx_word' id='word_1_7' title='bbox 772 638 794 683; x_wconf 85' lang='lat' dir='ltr'><strong>v</strong></span> <span class='ocrx_word' id='word_1_8' title='bbox 808 615 841 682; x_wconf 89' lang='lat' dir='ltr'>d.</span> <span class='ocrx_word' id='word_1_9' title='bbox 856 635 917 704; x_wconf 84' lang='lat' dir='ltr'>pro</span> <span class='ocrx_word' id='word_1_10' title='bbox 930 613 1066 701; x_wconf 76' lang='lat' dir='ltr'><strong>sequela</strong></span> <span class='ocrx_word' id='word_1_11' title='bbox 1080 633 1140 701; x_wconf 86' lang='lat' dir='ltr'>pro</span> <span class='ocrx_word' id='word_1_12' title='bbox 1155 613 1257 700; x_wconf 84' lang='lat' dir='ltr'>dimi·</span> 
     </span>
     <span class='ocr_line' id='line_1_3' title="bbox 223 726 451 808; baseline -0.004 -15"><span class='ocrx_word' id='word_1_13' title='bbox 223 726 279 794; x_wconf 87' lang='lat' dir='ltr'>dia</span> <span class='ocrx_word' id='word_1_14' title='bbox 291 733 451 808; x_wconf 80' lang='lat' dir='ltr'><strong>costuma.</strong></span> 
     </span>
     <span class='ocr_line' id='line_1_4' title="bbox 251 854 1141 922; baseline 0.003 -19"><span class='ocrx_word' id='word_1_15' title='bbox 251 856 342 904; x_wconf 83' lang='lat' dir='ltr'>Relicta</span> <span class='ocrx_word' id='word_1_16' title='bbox 358 857 459 906; x_wconf 81' lang='lat' dir='ltr'>Garuoti</span> <span class='ocrx_word' id='word_1_17' title='bbox 472 857 582 908; x_wconf 80' lang='lat' dir='ltr'>Chabout</span> <span class='ocrx_word' id='word_1_18' title='bbox 595 854 723 922; x_wconf 80' lang='lat' dir='ltr'>[Ysabiau.</span> <span class='ocrx_word' id='word_1_19' title='bbox 743 859 778 906; x_wconf 90' lang='lat' dir='ltr'>lls</span> <span class='ocrx_word' id='word_1_20' title='bbox 795 855 844 921; x_wconf 78' lang='grc'><strong>56].</strong></span> <span class='ocrx_word' id='word_1_21' title='bbox 859 882 889 892; x_wconf 93' lang='grc'>-</span> <span class='ocrx_word' id='word_1_22' title='bbox 904 859 1035 910; x_wconf 71' lang='lat' dir='ltr'>lohannes</span> <span class='ocrx_word' id='word_1_23' title='bbox 1050 858 1141 906; x_wconf 75' lang='lat' dir='ltr'>Bonae.</span> 
     </span>
     <span class='ocr_line' id='line_1_5' title="bbox 264 955 1256 1026; baseline -0.001 -3"><span class='ocrx_word' id='word_1_24' title='bbox 264 957 440 1024; x_wconf 81' lang='lat' dir='ltr'>Provinea</span> <span class='ocrx_word' id='word_1_25' title='bbox 453 959 519 1025; x_wconf 87' lang='lat' dir='ltr'>sita</span> <span class='ocrx_word' id='word_1_26' title='bbox 531 957 566 1023; x_wconf 89' lang='lat' dir='ltr'>in</span> <span class='ocrx_word' id='word_1_27' title='bbox 585 957 679 1024; x_wconf 91' lang='lat' dir='ltr'>ochis</span> <span class='ocrx_word' id='word_1_28' title='bbox 696 956 851 1026; x_wconf 87' lang='lat' dir='ltr'>Gaufridi</span> <span class='ocrx_word' id='word_1_29' title='bbox 866 959 956 1025; x_wconf 79' lang='lat' dir='ltr'>inter</span> <span class='ocrx_word' id='word_1_30' title='bbox 968 959 1102 1024; x_wconf 89' lang='lat' dir='ltr'>vineam</span> <span class='ocrx_word' id='word_1_31' title='bbox 1118 955 1256 1023; x_wconf 90' lang='lat' dir='ltr'>Pichom</span> 
     </span>
     <span class='ocr_line' id='line_1_6' title="bbox 222 1072 1254 1160; baseline 0.002 -22"><span class='ocrx_word' id='word_1_32' title='bbox 222 1078 256 1140; x_wconf 89' lang='lat' dir='ltr'>et</span> <span class='ocrx_word' id='word_1_33' title='bbox 285 1074 418 1141; x_wconf 78' lang='lat' dir='ltr'>vineam</span> <span class='ocrx_word' id='word_1_34' title='bbox 444 1073 598 1144; x_wconf 82' lang='lat' dir='ltr'>Gaufuidi</span> <span class='ocrx_word' id='word_1_35' title='bbox 620 1074 772 1160; x_wconf 79' lang='lat' dir='ltr'>Regnent</span> <span class='ocrx_word' id='word_1_36' title='bbox 791 1075 803 1139; x_wconf 91' lang='lat' dir='ltr'>i</span> <span class='ocrx_word' id='word_1_37' title='bbox 823 1073 994 1140; x_wconf 89' lang='lat' dir='ltr'>minellum</span> <span class='ocrx_word' id='word_1_38' title='bbox 1015 1073 1108 1140; x_wconf 83' lang='lat' dir='ltr'>ordei</span> <span class='ocrx_word' id='word_1_39' title='bbox 1128 1079 1163 1141; x_wconf 88' lang='lat' dir='ltr'>et</span> <span class='ocrx_word' id='word_1_40' title='bbox 1176 1094 1201 1140; x_wconf 84' lang='lat' dir='ltr'>x</span> <span class='ocrx_word' id='word_1_41' title='bbox 1221 1072 1254 1140; x_wconf 90' lang='lat' dir='ltr'>d.</span> 
     </span>
    </p>
   </div>
   <div class='ocr_carea' id='block_1_3' title="bbox 220 1189 911 1367">
    <p class='ocr_par' dir='ltr' id='par_1_3' title="bbox 220 1189 911 1367">
     <span class='ocr_line' id='line_1_7' title="bbox 220 1189 911 1277; baseline 0.004 -23"><span class='ocrx_word' id='word_1_42' title='bbox 220 1209 281 1276; x_wconf 86' lang='lat' dir='ltr'>pro</span> <span class='ocrx_word' id='word_1_43' title='bbox 297 1189 431 1276; x_wconf 82' lang='lat' dir='ltr'>sequela</span> <span class='ocrx_word' id='word_1_44' title='bbox 444 1210 504 1277; x_wconf 86' lang='lat' dir='ltr'>pro</span> <span class='ocrx_word' id='word_1_45' title='bbox 521 1189 660 1257; x_wconf 88' lang='lat' dir='ltr'>dimidia</span> <span class='ocrx_word' id='word_1_46' title='bbox 673 1194 836 1259; x_wconf 83' lang='lat' dir='ltr'>costuma.</span> <span class='ocrx_word' id='word_1_47' title='bbox 909 1191 911 1200; x_wconf 80' lang='grc'>’</span> 
     </span>
     <span class='ocr_line' id='line_1_8' title="bbox 252 1304 658 1367; baseline 0.002 -14"><span class='ocrx_word' id='word_1_48' title='bbox 252 1304 315 1360; x_wconf 78' lang='lat' dir='ltr'>Gila.</span> <span class='ocrx_word' id='word_1_49' title='bbox 327 1304 411 1352; x_wconf 82' lang='lat' dir='ltr'>relicta</span> <span class='ocrx_word' id='word_1_50' title='bbox 424 1305 547 1367; x_wconf 67' lang='lat' dir='ltr'>arnulphi</span> <span class='ocrx_word' id='word_1_51' title='bbox 562 1305 658 1354; x_wconf 84' lang='lat' dir='ltr'>Fillere.</span> 
     </span>
    </p>
   </div>
   <div class='ocr_carea' id='block_1_4' title="bbox 220 1393 1261 1599">
    <p class='ocr_par' dir='ltr' id='par_1_4' title="bbox 220 1393 1261 1599">
     <span class='ocr_line' id='line_1_9' title="bbox 265 1393 1259 1483; baseline 0.002 -23"><span class='ocrx_word' id='word_1_52' title='bbox 265 1395 331 1461; x_wconf 82' lang='lat' dir='ltr'>Pro</span> <span class='ocrx_word' id='word_1_53' title='bbox 357 1396 426 1464; x_wconf 89' lang='lat' dir='ltr'>alia</span> <span class='ocrx_word' id='word_1_54' title='bbox 448 1397 548 1464; x_wconf 87' lang='lat' dir='ltr'>vinea</span> <span class='ocrx_word' id='word_1_55' title='bbox 572 1397 639 1465; x_wconf 88' lang='lat' dir='ltr'>sita</span> <span class='ocrx_word' id='word_1_56' title='bbox 658 1397 694 1462; x_wconf 91' lang='lat' dir='ltr'>in</span> <span class='ocrx_word' id='word_1_57' title='bbox 711 1395 826 1463; x_wconf 87' lang='lat' dir='ltr'>eodem</span> <span class='ocrx_word' id='word_1_58' title='bbox 845 1396 930 1475; x_wconf 89' lang='lat' dir='ltr'>loco,</span> <span class='ocrx_word' id='word_1_59' title='bbox 952 1396 1054 1483; x_wconf 84' lang='lat' dir='ltr'>juxta</span> <span class='ocrx_word' id='word_1_60' title='bbox 1072 1393 1259 1481; x_wconf 82' lang='lat' dir='ltr'>predictam</span> 
     </span>
     <span class='ocr_line' id='line_1_10' title="bbox 220 1508 1261 1599; baseline -0.001 -22"><span class='ocrx_word' id='word_1_61' title='bbox 220 1511 353 1577; x_wconf 87' lang='lat' dir='ltr'>vineam</span> <span class='ocrx_word' id='word_1_62' title='bbox 371 1512 382 1576; x_wconf 91' lang='lat' dir='ltr'>i</span> <span class='ocrx_word' id='word_1_63' title='bbox 402 1512 574 1592; x_wconf 82' lang='lat' dir='ltr'>minellum</span> <span class='ocrx_word' id='word_1_64' title='bbox 595 1511 688 1580; x_wconf 84' lang='lat' dir='ltr'>ordei</span> <span class='ocrx_word' id='word_1_65' title='bbox 703 1521 738 1580; x_wconf 88' lang='lat' dir='ltr'>et</span> <span class='ocrx_word' id='word_1_66' title='bbox 754 1533 777 1578; x_wconf 87' lang='lat' dir='ltr'>x</span> <span class='ocrx_word' id='word_1_67' title='bbox 792 1511 824 1578; x_wconf 93' lang='lat' dir='ltr'>d.</span> <span class='ocrx_word' id='word_1_68' title='bbox 844 1532 904 1599; x_wconf 81' lang='lat' dir='ltr'>pro</span> <span class='ocrx_word' id='word_1_69' title='bbox 926 1509 1061 1598; x_wconf 85' lang='lat' dir='ltr'>sequela</span> <span class='ocrx_word' id='word_1_70' title='bbox 1083 1530 1144 1598; x_wconf 87' lang='lat' dir='ltr'>pro</span> <span class='ocrx_word' id='word_1_71' title='bbox 1160 1508 1261 1576; x_wconf 80' lang='lat' dir='ltr'>dimi·-</span> 
     </span>
    </p>
   </div>
   <div class='ocr_carea' id='block_1_5' title="bbox 222 1625 793 1807">
    <p class='ocr_par' dir='ltr' id='par_1_5' title="bbox 222 1625 793 1807">
     <span class='ocr_line' id='line_1_11' title="bbox 222 1625 458 1696; baseline 0.013 -4"><span class='ocrx_word' id='word_1_72' title='bbox 222 1625 279 1694; x_wconf 87' lang='lat' dir='ltr'>dia</span> <span class='ocrx_word' id='word_1_73' title='bbox 294 1634 458 1696; x_wconf 86' lang='lat' dir='ltr'>costuma.</span> 
     </span>
     <span class='ocr_line' id='line_1_12' title="bbox 250 1741 793 1807; baseline 0 -17"><span class='ocrx_word' id='word_1_74' title='bbox 250 1742 385 1792; x_wconf 73' lang='lat' dir='ltr'>(laufridus</span> <span class='ocrx_word' id='word_1_75' title='bbox 400 1744 506 1805; x_wconf 72' lang='lat' dir='ltr'>Regnent</span> <span class='ocrx_word' id='word_1_76' title='bbox 523 1741 682 1807; x_wconf 72' lang='lat' dir='ltr'>[duncapella.</span> <span class='ocrx_word' id='word_1_77' title='bbox 696 1743 732 1792; x_wconf 80' lang='lat' dir='ltr'>Ma</span> <span class='ocrx_word' id='word_1_78' title='bbox 745 1741 793 1806; x_wconf 77' lang='grc'>56].</span> 
     </span>
    </p>
   </div>
   <div class='ocr_carea' id='block_1_6' title="bbox 220 1834 1257 2128">
    <p class='ocr_par' dir='ltr' id='par_1_6' title="bbox 220 1834 1257 2128">
     <span class='ocr_line' id='line_1_13' title="bbox 252 1834 327 1880; baseline 0.027 -2"><span class='ocrx_word' id='word_1_79' title='bbox 252 1834 327 1880; x_wconf 82' lang='lat' dir='ltr'>Filia.</span> 
     </span>
     <span class='ocr_line' id='line_1_14' title="bbox 264 1920 1257 2009; baseline 0.001 -20"><span class='ocrx_word' id='word_1_80' title='bbox 264 1924 330 1990; x_wconf 83' lang='lat' dir='ltr'>Pro</span> <span class='ocrx_word' id='word_1_81' title='bbox 349 1928 444 1992; x_wconf 86' lang='lat' dir='ltr'>terna</span> <span class='ocrx_word' id='word_1_82' title='bbox 459 1924 526 1990; x_wconf 87' lang='lat' dir='ltr'>sita</span> <span class='ocrx_word' id='word_1_83' title='bbox 544 1925 579 1988; x_wconf 92' lang='lat' dir='ltr'>in</span> <span class='ocrx_word' id='word_1_84' title='bbox 595 1923 689 1990; x_wconf 94' lang='lat' dir='ltr'>ochis</span> <span class='ocrx_word' id='word_1_85' title='bbox 714 1920 869 1989; x_wconf 86' lang='lat' dir='ltr'>Gaufridi</span> <span class='ocrx_word' id='word_1_86' title='bbox 888 1922 989 2009; x_wconf 84' lang='lat' dir='ltr'>juxta</span> <span class='ocrx_word' id='word_1_87' title='bbox 1011 1924 1141 1989; x_wconf 83' lang='lat' dir='ltr'>terram</span> <span class='ocrx_word' id='word_1_88' title='bbox 1164 1920 1257 1990; x_wconf 83' lang='lat' dir='ltr'>Gau-</span> 
     </span>
     <span class='ocr_line' id='line_1_15' title="bbox 220 2037 1256 2128; baseline 0 -22"><span class='ocrx_word' id='word_1_89' title='bbox 220 2039 299 2106; x_wconf 87' lang='lat' dir='ltr'>fridi</span> <span class='ocrx_word' id='word_1_90' title='bbox 314 2040 395 2108; x_wconf 87' lang='lat' dir='ltr'>dicti</span> <span class='ocrx_word' id='word_1_91' title='bbox 409 2041 534 2121; x_wconf 86' lang='lat' dir='ltr'>Belle‚i</span> <span class='ocrx_word' id='word_1_92' title='bbox 549 2040 720 2106; x_wconf 90' lang='lat' dir='ltr'>minellum</span> <span class='ocrx_word' id='word_1_93' title='bbox 730 2037 822 2106; x_wconf 87' lang='lat' dir='ltr'>ordei</span> <span class='ocrx_word' id='word_1_94' title='bbox 834 2043 869 2106; x_wconf 88' lang='lat' dir='ltr'>et</span> <span class='ocrx_word' id='word_1_95' title='bbox 881 2059 905 2105; x_wconf 82' lang='lat'>1</span> <span class='ocrx_word' id='word_1_96' title='bbox 917 2039 950 2106; x_wconf 92' lang='lat' dir='ltr'>d.</span> <span class='ocrx_word' id='word_1_97' title='bbox 972 2058 1033 2126; x_wconf 87' lang='lat' dir='ltr'>pro</span> <span class='ocrx_word' id='word_1_98' title='bbox 1050 2037 1185 2126; x_wconf 81' lang='lat' dir='ltr'>sequela</span> <span class='ocrx_word' id='word_1_99' title='bbox 1195 2060 1256 2128; x_wconf 81' lang='lat' dir='ltr'>pro</span> 
     </span>
    </p>
   </div>
   <div class='ocr_carea' id='block_1_7' title="bbox 220 2155 748 2334">
    <p class='ocr_par' dir='ltr' id='par_1_7' title="bbox 220 2155 748 2334">
     <span class='ocr_line' id='line_1_16' title="bbox 220 2155 538 2224; baseline -0.003 0"><span class='ocrx_word' id='word_1_100' title='bbox 220 2155 360 2224; x_wconf 89' lang='lat' dir='ltr'>dimidia</span> <span class='ocrx_word' id='word_1_101' title='bbox 375 2161 538 2224; x_wconf 88' lang='lat' dir='ltr'>costuma.</span> 
     </span>
     <span class='ocr_line' id='line_1_17' title="bbox 250 2268 748 2334; baseline -0.002 -15"><span class='ocrx_word' id='word_1_102' title='bbox 250 2272 333 2322; x_wconf 83' lang='lat' dir='ltr'>Petrus</span> <span class='ocrx_word' id='word_1_103' title='bbox 350 2273 455 2333; x_wconf 78' lang='lat' dir='ltr'>Regnent</span> <span class='ocrx_word' id='word_1_104' title='bbox 467 2269 507 2334; x_wconf 80' lang='lat' dir='ltr'>{dc</span> <span class='ocrx_word' id='word_1_105' title='bbox 521 2273 632 2331; x_wconf 79' lang='lat' dir='ltr'>Capella.</span> <span class='ocrx_word' id='word_1_106' title='bbox 650 2273 685 2320; x_wconf 86' lang='lat' dir='ltr'>lls</span> <span class='ocrx_word' id='word_1_107' title='bbox 699 2268 748 2332; x_wconf 81' lang='grc'><strong>561.</strong></span> 
     </span>
    </p>
   </div>
   <div class='ocr_carea' id='block_1_8' title="bbox 218 2358 1258 2566">
    <p class='ocr_par' dir='ltr' id='par_1_8' title="bbox 218 2358 1258 2566">
     <span class='ocr_line' id='line_1_18' title="bbox 262 2358 1256 2448; baseline 0.001 -22"><span class='ocrx_word' id='word_1_108' title='bbox 262 2360 330 2427; x_wconf 87' lang='lat' dir='ltr'>Pro</span> <span class='ocrx_word' id='word_1_109' title='bbox 343 2365 436 2429; x_wconf 86' lang='lat' dir='ltr'>terra</span> <span class='ocrx_word' id='word_1_110' title='bbox 450 2362 517 2429; x_wconf 88' lang='lat' dir='ltr'>sita</span> <span class='ocrx_word' id='word_1_111' title='bbox 530 2362 566 2427; x_wconf 88' lang='lat' dir='ltr'>in</span> <span class='ocrx_word' id='word_1_112' title='bbox 579 2361 672 2428; x_wconf 89' lang='lat' dir='ltr'>ochis</span> <span class='ocrx_word' id='word_1_113' title='bbox 692 2359 733 2426; x_wconf 86' lang='lat' dir='ltr'>de</span> <span class='ocrx_word' id='word_1_114' title='bbox 751 2358 980 2428; x_wconf 90' lang='lat' dir='ltr'>Bello-Monte</span> <span class='ocrx_word' id='word_1_115' title='bbox 995 2359 1099 2448; x_wconf 86' lang='lat' dir='ltr'>juxta</span> <span class='ocrx_word' id='word_1_116' title='bbox 1123 2360 1256 2426; x_wconf 80' lang='lat' dir='ltr'>vineam</span> 
     </span>
     <span class='ocr_line' id='line_1_19' title="bbox 218 2474 1258 2566; baseline 0.001 -25"><span class='ocrx_word' id='word_1_117' title='bbox 218 2474 300 2544; x_wconf 88' lang='lat' dir='ltr'>dicti</span> <span class='ocrx_word' id='word_1_118' title='bbox 313 2478 405 2564; x_wconf 85' lang='lat' dir='ltr'>Baye</span> <span class='ocrx_word' id='word_1_119' title='bbox 419 2478 562 2566; x_wconf 84' lang='lat' dir='ltr'>etjuxta</span> <span class='ocrx_word' id='word_1_120' title='bbox 573 2478 706 2544; x_wconf 84' lang='lat' dir='ltr'>vineam</span> <span class='ocrx_word' id='word_1_121' title='bbox 723 2476 880 2556; x_wconf 88' lang='lat' dir='ltr'>Boulaut,</span> <span class='ocrx_word' id='word_1_122' title='bbox 898 2478 910 2543; x_wconf 94' lang='lat' dir='ltr'>i</span> <span class='ocrx_word' id='word_1_123' title='bbox 925 2475 1098 2544; x_wconf 91' lang='lat' dir='ltr'>minellum</span> <span class='ocrx_word' id='word_1_124' title='bbox 1114 2475 1207 2543; x_wconf 83' lang='lat' dir='ltr'>ordei</span> <span class='ocrx_word' id='word_1_125' title='bbox 1223 2479 1258 2542; x_wconf 92' lang='lat' dir='ltr'>et</span> 
     </span>
    </p>
   </div>
   <div class='ocr_carea' id='block_1_9' title="bbox 217 2590 932 2772">
    <p class='ocr_par' dir='ltr' id='par_1_9' title="bbox 217 2590 932 2772">
     <span class='ocr_line' id='line_1_20' title="bbox 217 2590 932 2680; baseline -0.001 -22"><span class='ocrx_word' id='word_1_126' title='bbox 217 2612 249 2658; x_wconf 84' lang='lat' dir='ltr'>v.</span> <span class='ocrx_word' id='word_1_127' title='bbox 265 2590 300 2658; x_wconf 90' lang='lat' dir='ltr'>d.</span> <span class='ocrx_word' id='word_1_128' title='bbox 320 2613 381 2678; x_wconf 84' lang='lat' dir='ltr'>pro</span> <span class='ocrx_word' id='word_1_129' title='bbox 396 2593 530 2679; x_wconf 81' lang='lat' dir='ltr'>sequela</span> <span class='ocrx_word' id='word_1_130' title='bbox 542 2612 602 2680; x_wconf 80' lang='lat' dir='ltr'>pro</span> <span class='ocrx_word' id='word_1_131' title='bbox 615 2591 754 2659; x_wconf 88' lang='lat' dir='ltr'>dimidia</span> <span class='ocrx_word' id='word_1_132' title='bbox 768 2596 932 2659; x_wconf 83' lang='lat' dir='ltr'>costuma.</span> 
     </span>
     <span class='ocr_line' id='line_1_21' title="bbox 249 2704 641 2772; baseline 0.005 -19"><span class='ocrx_word' id='word_1_133' title='bbox 249 2707 357 2755; x_wconf 78' lang='lat' dir='ltr'>lirioatus</span> <span class='ocrx_word' id='word_1_134' title='bbox 373 2709 446 2756; x_wconf 81' lang='lat' dir='ltr'>lincol</span> <span class='ocrx_word' id='word_1_135' title='bbox 464 2704 504 2772; x_wconf 86' lang='lat' dir='ltr'>[dc</span> <span class='ocrx_word' id='word_1_136' title='bbox 516 2705 641 2772; x_wconf 60' lang='lat' dir='ltr'>capella}</span> 
     </span>
    </p>
   </div>
   <div class='ocr_carea' id='block_1_10' title="bbox 216 2777 1258 3002">
    <p class='ocr_par' dir='ltr' id='par_1_10' title="bbox 216 2777 1258 3002">
     <span class='ocr_line' id='line_1_22' title="bbox 236 2777 1254 2884; baseline -0.004 -21"><span class='ocrx_word' id='word_1_137' title='bbox 236 2837 240 2844; x_wconf 92' lang='lat'><em>·</em></span> <span class='ocrx_word' id='word_1_138' title='bbox 261 2798 328 2864; x_wconf 88' lang='lat' dir='ltr'>Pro</span> <span class='ocrx_word' id='word_1_139' title='bbox 349 2802 442 2865; x_wconf 82' lang='lat' dir='ltr'>terra</span> <span class='ocrx_word' id='word_1_140' title='bbox 466 2799 533 2867; x_wconf 88' lang='lat' dir='ltr'>sita</span> <span class='ocrx_word' id='word_1_141' title='bbox 552 2798 594 2864; x_wconf 91' lang='lat' dir='ltr'>ad</span> <span class='ocrx_word' id='word_1_142' title='bbox 614 2797 771 2884; x_wconf 83' lang='lat' dir='ltr'>Arbuyas</span> <span class='ocrx_word' id='word_1_143' title='bbox 791 2797 969 2863; x_wconf 88' lang='lat' dir='ltr'>Maiorisse</span> <span class='ocrx_word' id='word_1_144' title='bbox 991 2795 1093 2883; x_wconf 82' lang='lat' dir='ltr'>juxta</span> <span class='ocrx_word' id='word_1_145' title='bbox 1120 2777 1254 2861; x_wconf 80' lang='lat' dir='ltr'>vineam</span> 
     </span>
     <span class='ocr_line' id='line_1_23' title="bbox 216 2911 1258 3002; baseline -0.001 -22"><span class='ocrx_word' id='word_1_146' title='bbox 216 2913 345 2980; x_wconf 89' lang='lat' dir='ltr'>Pichon</span> <span class='ocrx_word' id='word_1_147' title='bbox 361 2936 424 3002; x_wconf 90' lang='lat' dir='ltr'>que</span> <span class='ocrx_word' id='word_1_148' title='bbox 440 2915 505 2982; x_wconf 88' lang='lat' dir='ltr'>fuit</span> <span class='ocrx_word' id='word_1_149' title='bbox 525 2917 667 2994; x_wconf 84' lang='lat' dir='ltr'>Toneau,</span> <span class='ocrx_word' id='word_1_150' title='bbox 689 2915 713 2980; x_wconf 94' lang='lat' dir='ltr'>ii</span> <span class='ocrx_word' id='word_1_151' title='bbox 732 2915 854 2993; x_wconf 87' lang='lat' dir='ltr'>minas,</span> <span class='ocrx_word' id='word_1_152' title='bbox 879 2913 985 3000; x_wconf 85' lang='lat' dir='ltr'>ordei,</span> <span class='ocrx_word' id='word_1_153' title='bbox 1002 2914 1026 2978; x_wconf 95' lang='lat' dir='ltr'>ii</span> <span class='ocrx_word' id='word_1_154' title='bbox 1046 2911 1204 3000; x_wconf 85' lang='lat' dir='ltr'>gallinas,</span> <span class='ocrx_word' id='word_1_155' title='bbox 1220 2917 1258 2979; x_wconf 87' lang='lat' dir='ltr'>et</span> 
     </span>
    </p>
   </div>
   <div class='ocr_carea' id='block_1_11' title="bbox 213 3030 1041 3307">
    <p class='ocr_par' dir='ltr' id='par_1_11' title="bbox 213 3030 1041 3307">
     <span class='ocr_line' id='line_1_24' title="bbox 213 3030 1041 3120; baseline -0.002 -22"><span class='ocrx_word' id='word_1_156' title='bbox 213 3033 337 3100; x_wconf 78' lang='lat' dir='ltr'>xxviii</span> <span class='ocrx_word' id='word_1_157' title='bbox 354 3032 387 3099; x_wconf 87' lang='lat' dir='ltr'>d.</span> <span class='ocrx_word' id='word_1_158' title='bbox 404 3038 430 3100; x_wconf 90' lang='lat' dir='ltr'>t.</span> <span class='ocrx_word' id='word_1_159' title='bbox 451 3053 512 3120; x_wconf 81' lang='lat' dir='ltr'>pro</span> <span class='ocrx_word' id='word_1_160' title='bbox 532 3052 633 3099; x_wconf 90' lang='lat' dir='ltr'>censu</span> <span class='ocrx_word' id='word_1_161' title='bbox 645 3051 706 3120; x_wconf 85' lang='lat' dir='ltr'>pro</span> <span class='ocrx_word' id='word_1_162' title='bbox 726 3030 855 3099; x_wconf 90' lang='lat' dir='ltr'>duabus</span> <span class='ocrx_word' id='word_1_163' title='bbox 868 3031 1041 3100; x_wconf 84' lang='lat' dir='ltr'>costumis.</span> 
     </span>
     <span class='ocr_line' id='line_1_25' title="bbox 248 3147 601 3209; baseline 0.011 -13"><span class='ocrx_word' id='word_1_164' title='bbox 248 3147 389 3209; x_wconf 75' lang='lat' dir='ltr'>Stephanus</span> <span class='ocrx_word' id='word_1_165' title='bbox 402 3149 496 3197; x_wconf 83' lang='lat' dir='ltr'>Bruier.</span> <span class='ocrx_word' id='word_1_166' title='bbox 599 3196 601 3200; x_wconf 88' lang='lat'>.</span> 
     </span>
     <span class='ocr_line' id='line_1_26' title="bbox 245 3247 728 3307; baseline 0.01 -13"><span class='ocrx_word' id='word_1_167' title='bbox 245 3247 356 3295; x_wconf 82' lang='lat' dir='ltr'>Heredes</span> <span class='ocrx_word' id='word_1_168' title='bbox 375 3249 493 3296; x_wconf 82' lang='lat' dir='ltr'>Pichebot</span> <span class='ocrx_word' id='word_1_169' title='bbox 511 3250 595 3296; x_wconf 83' lang='lat' dir='ltr'>dictus</span> <span class='ocrx_word' id='word_1_170' title='bbox 612 3248 728 3307; x_wconf 80' lang='lat' dir='ltr'>Scnqlaa.</span> 
     </span>
    </p>
   </div>
   <div class='ocr_carea' id='block_1_12' title="bbox 215 3334 1256 3550">
    <p class='ocr_par' dir='ltr' id='par_1_12' title="bbox 215 3334 1256 3550">
     <span class='ocr_line' id='line_1_27' title="bbox 260 3334 1254 3436; baseline 0 -22"><span class='ocrx_word' id='word_1_171' title='bbox 260 3347 433 3416; x_wconf 82' lang='lat' dir='ltr'>Proterra</span> <span class='ocrx_word' id='word_1_172' title='bbox 447 3369 510 3436; x_wconf 87' lang='lat' dir='ltr'>que</span> <span class='ocrx_word' id='word_1_173' title='bbox 530 3349 594 3417; x_wconf 85' lang='lat' dir='ltr'>fuit</span> <span class='ocrx_word' id='word_1_174' title='bbox 619 3347 785 3416; x_wconf 82' lang='lat' dir='ltr'>Bennandi</span> <span class='ocrx_word' id='word_1_175' title='bbox 808 3353 842 3416; x_wconf 90' lang='lat' dir='ltr'>et</span> <span class='ocrx_word' id='word_1_176' title='bbox 861 3347 989 3426; x_wconf 72' lang='lat' dir='ltr'>iacobi,</span> <span class='ocrx_word' id='word_1_177' title='bbox 1017 3348 1083 3414; x_wconf 89' lang='lat' dir='ltr'>sita</span> <span class='ocrx_word' id='word_1_178' title='bbox 1102 3348 1138 3412; x_wconf 91' lang='lat' dir='ltr'>in</span> <span class='ocrx_word' id='word_1_179' title='bbox 1159 3334 1254 3414; x_wconf 87' lang='lat' dir='ltr'>ochis</span> 
     </span>
     <span class='ocr_line' id='line_1_28' title="bbox 215 3460 1256 3550; baseline 0.001 -22"><span class='ocrx_word' id='word_1_180' title='bbox 215 3461 259 3528; x_wconf 88' lang='lat' dir='ltr'>ad</span> <span class='ocrx_word' id='word_1_181' title='bbox 275 3469 419 3550; x_wconf 78' lang='lat' dir='ltr'>arpenta</span> <span class='ocrx_word' id='word_1_182' title='bbox 432 3463 668 3549; x_wconf 87' lang='lat' dir='ltr'>Belli-Montis,</span> <span class='ocrx_word' id='word_1_183' title='bbox 686 3462 884 3531; x_wconf 89' lang='lat' dir='ltr'>iminellum</span> <span class='ocrx_word' id='word_1_184' title='bbox 903 3462 1009 3542; x_wconf 86' lang='lat' dir='ltr'>ordei,</span> <span class='ocrx_word' id='word_1_185' title='bbox 1026 3460 1164 3530; x_wconf 88' lang='lat' dir='ltr'>dimidia</span> <span class='ocrx_word' id='word_1_186' title='bbox 1184 3462 1256 3550; x_wconf 85' lang='lat' dir='ltr'>gal-</span> 
     </span>
    </p>
   </div>
   <div class='ocr_carea' id='block_1_13' title="bbox 215 3579 1066 3762">
    <p class='ocr_par' dir='ltr' id='par_1_13' title="bbox 215 3579 1066 3762">
     <span class='ocr_line' id='line_1_29' title="bbox 215 3579 1066 3679; baseline 0.004 -34"><span class='ocrx_word' id='word_1_187' title='bbox 215 3579 297 3661; x_wconf 91' lang='lat' dir='ltr'>lina,</span> <span class='ocrx_word' id='word_1_188' title='bbox 318 3582 366 3649; x_wconf 87' lang='lat' dir='ltr'>vii</span> <span class='ocrx_word' id='word_1_189' title='bbox 385 3581 418 3649; x_wconf 87' lang='lat' dir='ltr'>d.</span> <span class='ocrx_word' id='word_1_190' title='bbox 440 3602 560 3649; x_wconf 87' lang='lat' dir='ltr'>census</span> <span class='ocrx_word' id='word_1_191' title='bbox 575 3603 636 3671; x_wconf 86' lang='lat' dir='ltr'>pno</span> <span class='ocrx_word' id='word_1_192' title='bbox 653 3580 791 3648; x_wconf 86' lang='lat' dir='ltr'>dimidia</span> <span class='ocrx_word' id='word_1_193' title='bbox 805 3586 968 3650; x_wconf 83' lang='lat' dir='ltr'>costuma.</span> <span class='ocrx_word' id='word_1_194' title='bbox 1061 3668 1066 3679; x_wconf 22' lang='grc' dir='ltr'>ἱ</span> 
     </span>
     <span class='ocr_line' id='line_1_30' title="bbox 248 3696 804 3762; baseline 0.004 -17"><span class='ocrx_word' id='word_1_195' title='bbox 248 3699 373 3746; x_wconf 77' lang='lat' dir='ltr'>lohannes</span> <span class='ocrx_word' id='word_1_196' title='bbox 387 3699 406 3747; x_wconf 89' lang='lat' dir='ltr'>ll</span> <span class='ocrx_word' id='word_1_197' title='bbox 416 3701 481 3748; x_wconf 85' lang='lat' dir='ltr'>lluot</span> <span class='ocrx_word' id='word_1_198' title='bbox 493 3697 533 3762; x_wconf 77' lang='lat' dir='ltr'>[de</span> <span class='ocrx_word' id='word_1_199' title='bbox 549 3699 688 3748; x_wconf 82' lang='lat' dir='ltr'>Biuumont.</span> <span class='ocrx_word' id='word_1_200' title='bbox 705 3699 740 3747; x_wconf 88' lang='lat' dir='ltr'>lls</span> <span class='ocrx_word' id='word_1_201' title='bbox 754 3696 804 3762; x_wconf 80' lang='grc'><strong>56].</strong></span> 
     </span>
    </p>
   </div>
   <div class='ocr_carea' id='block_1_14' title="bbox 215 3787 1254 3994">
    <p class='ocr_par' dir='ltr' id='par_1_14' title="bbox 215 3787 1254 3994">
     <span class='ocr_line' id='line_1_31' title="bbox 261 3787 1254 3877; baseline -0.004 -21"><span class='ocrx_word' id='word_1_202' title='bbox 261 3790 329 3856; x_wconf 88' lang='lat' dir='ltr'>Pro</span> <span class='ocrx_word' id='word_1_203' title='bbox 339 3791 437 3857; x_wconf 89' lang='lat' dir='ltr'>vinea</span> <span class='ocrx_word' id='word_1_204' title='bbox 453 3796 488 3858; x_wconf 89' lang='lat' dir='ltr'>et</span> <span class='ocrx_word' id='word_1_205' title='bbox 502 3811 562 3877; x_wconf 84' lang='lat' dir='ltr'>pro</span> <span class='ocrx_word' id='word_1_206' title='bbox 575 3794 670 3859; x_wconf 86' lang='lat' dir='ltr'>terra</span> <span class='ocrx_word' id='word_1_207' title='bbox 682 3791 758 3859; x_wconf 86' lang='lat' dir='ltr'>sitis</span> <span class='ocrx_word' id='word_1_208' title='bbox 774 3790 809 3855; x_wconf 92' lang='lat' dir='ltr'>in</span> <span class='ocrx_word' id='word_1_209' title='bbox 825 3789 919 3856; x_wconf 89' lang='lat' dir='ltr'>ochis</span> <span class='ocrx_word' id='word_1_210' title='bbox 930 3787 973 3858; x_wconf 87' lang='lat' dir='ltr'>ad</span> <span class='ocrx_word' id='word_1_211' title='bbox 990 3791 1134 3876; x_wconf 81' lang='lat' dir='ltr'>arpenta</span> <span class='ocrx_word' id='word_1_212' title='bbox 1149 3787 1254 3854; x_wconf 88' lang='lat' dir='ltr'>Belli-</span> 
     </span>
     <span class='ocr_line' id='line_1_32' title="bbox 215 3903 1253 3994; baseline -0.004 -20"><span class='ocrx_word' id='word_1_213' title='bbox 215 3908 355 3986; x_wconf 87' lang='lat' dir='ltr'>Montis,</span> <span class='ocrx_word' id='word_1_214' title='bbox 371 3927 432 3994; x_wconf 88' lang='lat' dir='ltr'>que</span> <span class='ocrx_word' id='word_1_215' title='bbox 447 3906 582 3974; x_wconf 84' lang='lat' dir='ltr'>fuerunt</span> <span class='ocrx_word' id='word_1_216' title='bbox 593 3906 748 3974; x_wconf 82' lang='lat' dir='ltr'>Gaulridi</span> <span class='ocrx_word' id='word_1_217' title='bbox 758 3904 923 3986; x_wconf 81' lang='lat' dir='ltr'>Chabout,</span> <span class='ocrx_word' id='word_1_218' title='bbox 937 3907 949 3971; x_wconf 91' lang='lat' dir='ltr'>i</span> <span class='ocrx_word' id='word_1_219' title='bbox 964 3904 1135 3972; x_wconf 92' lang='lat' dir='ltr'>minellum</span> <span class='ocrx_word' id='word_1_220' title='bbox 1146 3903 1253 3986; x_wconf 83' lang='lat' dir='ltr'>ordei,</span> 
     </span>
    </p>
   </div>
   <div class='ocr_carea' id='block_1_15' title="bbox 213 4019 1252 4199">
    <p class='ocr_par' dir='ltr' id='par_1_15' title="bbox 213 4019 1252 4199">
     <span class='ocr_line' id='line_1_33' title="bbox 213 4019 1252 4111; baseline -0.003 -20"><span class='ocrx_word' id='word_1_221' title='bbox 213 4023 385 4092; x_wconf 85' lang='lat' dir='ltr'>dimidiam</span> <span class='ocrx_word' id='word_1_222' title='bbox 405 4023 575 4110; x_wconf 84' lang='lat' dir='ltr'>gallinam,</span> <span class='ocrx_word' id='word_1_223' title='bbox 591 4029 625 4093; x_wconf 87' lang='lat' dir='ltr'>et</span> <span class='ocrx_word' id='word_1_224' title='bbox 639 4023 711 4092; x_wconf 82' lang='lat' dir='ltr'>udo</span> <span class='ocrx_word' id='word_1_225' title='bbox 726 4043 846 4092; x_wconf 87' lang='lat' dir='ltr'>census</span> <span class='ocrx_word' id='word_1_226' title='bbox 859 4043 920 4111; x_wconf 85' lang='lat' dir='ltr'>pro</span> <span class='ocrx_word' id='word_1_227' title='bbox 935 4019 1074 4090; x_wconf 87' lang='lat' dir='ltr'>dimidia</span> <span class='ocrx_word' id='word_1_228' title='bbox 1088 4025 1252 4092; x_wconf 88' lang='lat' dir='ltr'>costuma.</span> 
     </span>
     <span class='ocr_line' id='line_1_34' title="bbox 247 4125 998 4199; baseline -0.008 -11"><span class='ocrx_word' id='word_1_229' title='bbox 247 4138 392 4199; x_wconf 75' lang='lat' dir='ltr'>liudulphus</span> <span class='ocrx_word' id='word_1_230' title='bbox 406 4137 436 4187; x_wconf 86' lang='lat' dir='ltr'>de</span> <span class='ocrx_word' id='word_1_231' title='bbox 452 4137 532 4187; x_wconf 79' lang='lat' dir='ltr'>Setun.</span> <span class='ocrx_word' id='word_1_232' title='bbox 990 4125 998 4144; x_wconf 74' lang='lat'><strong>⁴</strong></span> 
     </span>
    </p>
   </div>
   <div class='ocr_carea' id='block_1_16' title="bbox 0 0 1588 5012">
    <p class='ocr_par' dir='ltr' id='par_1_16' title="bbox 0 0 1588 5012">
     <span class='ocr_line' id='line_1_35' title="bbox 0 0 1588 5012; baseline 0 0"><span class='ocrx_word' id='word_1_233' title='bbox 0 0 1588 5012; x_wconf 95' lang='lat' dir='ltr'> </span> 
     </span>
    </p>
   </div>
  </div>
 </body>
</html>
