3168 5012
650 522 850 589 -201-

265 669 332 735 Pro
349 687 483 735 camera
505 667 546 734 de
569 667 602 734 la
618 667 709 735 Mete
729 665 879 734 defuncti
897 665 1075 747 Thierriei,
1099 664 1253 740 huehier‚
1331 709 1334 714 ·

221 785 271 851 iiii
286 784 318 852 d.

249 902 375 950 lohannes
392 901 422 948 de
437 901 605 962 champeleto.

250 989 370 1048 Maqiater
385 990 515 1038 Johannee
527 991 621 1037 Chabot
636 995 700 1036 tanet
714 988 758 1051 (1).

262 1080 329 1146 Pro
342 1079 456 1167 platea
467 1079 568 1167 juxta
580 1099 694 1146 muros
711 1079 859 1147 civitatis
877 1099 940 1166 que
952 1078 1016 1149 suit
1026 1079 1190 1158 Reneart,
1204 1077 1252 1145 xii

222 1194 254 1261 d.
273 1215 306 1282 p.
326 1195 387 1284 (2).

251 1312 355 1360 Jeeebue
368 1312 482 1361 Juvenis.

212 1453 214 1456 -
265 1407 332 1473 Pro
348 1410 441 1474 terra
460 1405 501 1472 de
514 1405 699 1492 Maleyoto,
716 1406 753 1473 iii
767 1405 800 1470 d.

252 1525 310 1572 Item
325 1524 391 1572 idem
402 1525 507 1572 Jeeobus
517 1522 670 1572 Juvenis.-
689 1525 818 1570 Johannee
831 1524 944 1570 Chatriot
961 1527 1035 1570 tenet.

266 1615 332 1681 Pro
349 1615 446 1681 domo
460 1617 495 1681 et
511 1631 646 1679 masura
655 1613 756 1699 juxta
769 1613 803 1679 la
818 1614 974 1701 Begesse,
992 1613 1017 1678 ii
1032 1610 1064 1678 d.
1079 1613 1157 1699 pite.

252 1730 338 1791 Maria,
355 1730 407 1777 fllia
420 1729 529 1777 defuncti
545 1729 646 1776 Tuieim.

266 1820 333 1885 Pro
353 1818 468 1884 eodem
492 1817 577 1897 loeo,
599 1819 622 1883 ii
639 1817 673 1884 d.
691 1808 725 1886 et
740 1818 818 1905 pite.

253 1937 307 1986 Gilo
323 1935 420 1984 Divitis.

264 2028 332 2094 Pro
353 2023 506 2091 domibus
522 2023 624 2111 juxta
641 2023 776 2090 domum
791 2022 970 2110 lapideam,
990 2023 1098 2092 xxviii
1113 2023 1146 2090 d.

251 2141 355 2189 Felieiue
371 2140 495 2190 Meusares
509 2140 551 2204 (3).

264 2231 332 2297 Pro
348 2231 416 2298 alia
428 2251 562 2298 camera
577 2231 612 2297 in
628 2229 744 2297 eodem
766 2230 851 2310 loeo,
867 2231 891 2297 ii
907 2231 941 2298 d.

253 2347 312 2394 aem
326 2345 392 2394 idem
402 2331 508 2394 alisius
521 2343 566 2409 (4).

267 2437 334 2503 Pro
351 2435 448 2502 domo
459 2436 560 2523 juxta
581 2435 714 2503 domum
738 2437 904 2504 Johannis
921 2429 1062 2516 Anselli',
1089 2438 1125 2505 iii
1145 2435 1178 2504 d.
1201 2435 1254 2503 ob.

252 2553 386 2610 lohannes,
402 2551 421 2598 li
435 2552 547 2600 muniere
564 2551 609 2618 (5).

262 2643 331 2709 Pro
346 2643 415 2710 alia
429 2641 527 2709 domo
545 2664 608 2730 que
628 2643 693 2711 fuit
713 2645 870 2731 magistri
888 2645 1034 2725 Andree‚
1051 2645 1089 2710 iii
1104 2643 1137 2709 d.
1157 2642 1210 2710 ob.

251 2759 377 2807 lohannes
389 2759 549 2818 Burgundue,
565 2758 638 2806 freter
652 2759 711 2806 dieti
725 2760 829 2807 andree.
839 2784 871 2799 -
884 2762 939 2808 Gilo
956 2763 1072 2808 Aneeaue
1089 2765 1157 2808 tanet
1173 2760 1217 2821 (6).

266 2851 332 2915 Pro
350 2867 484 2915 camera
494 2846 643 2914 defuncti
660 2847 791 2928 Celem,
809 2850 859 2915 iiii
875 2849 907 2916 d.

251 2968 381 3014 Johannee
399 2967 523 3013 chanana.

255 3057 443 3112 vicedominus,
457 3055 563 3101 clericus
577 3059 651 3101 tenet>

265 3146 332 3211 Pro
349 3145 446 3211 demo
464 3144 605 3222 Tuisim,
628 3144 681 3210 0b.

254 3262 359 3316 Thomas
375 3259 486 3322 Thyerri.

188 3442 191 3450 Ι
253 3468 286 3532 (ἱ)
303 3469 334 3516 Le
348 3469 381 3516 Me
399 3471 427 3515 56
442 3468 523 3526 ajoute
537 3467 589 3514 ici:
617 3468 772 3513 Laurenaiue
781 3503 788 3528 ‚
809 3468 831 3512 le
853 3468 974 3526 bachim,
998 3468 1007 3510 ι’
1027 3469 1053 3513 d.
1066 3469 1097 3512 de
1113 3459 1176 3513 deus
1189 3469 1260 3515 hetae

222 3563 253 3605 de
269 3564 335 3606 terre
351 3562 442 3605 devant
458 3561 479 3603 le
494 3557 600 3603 bordieu
616 3561 631 3602 a
645 3555 856 3613 Maloy-la-Roy.

252 3647 286 3711 (2)
303 3648 335 3695 Le
348 3648 382 3695 Me
397 3649 425 3694 56
439 3647 520 3705 aJouee
535 3646 580 3692 ici:
604 3647 689 3703 Aenea
707 3646 800 3691 d'Otun
821 3647 913 3702 femme
925 3647 1076 3705 Guilleume‚
1103 3646 1124 3691 le
1144 3645 1259 3702 peletier.
1357 3667 1362 3673 -

220 3762 253 3775 -
264 3739 382 3797 Thomas,
399 3738 421 3783 la
432 3737 540 3796 barbier,
559 3737 578 3781 ii
591 3738 617 3781 d.

250 3825 286 3890 (3)
302 3825 333 3873 Ge
342 3838 402 3874 nom
413 3827 449 3872 eet
459 3824 534 3872 effaee
545 3823 608 3872 dene
619 3821 642 3871 le
654 3836 692 3870 me
706 3825 733 3872 56
744 3827 768 3871 et
779 3823 900 3885 rempleee
910 3837 954 3886 per
967 3843 972 3872 ι
988 3827 1089 3872 Estiene
1099 3827 1130 3872 de
1142 3837 1185 3872 eae
1196 3825 1255 3871 loia.

219 3941 251 3955 -
263 3919 393 3965 Johannee
411 3917 519 3964 Bluteaa
536 3921 612 3967 tenet.

250 4005 286 4068 (4)
301 4007 333 4054 Le
347 4007 381 4054 Me
398 4008 425 4053 56
439 4006 536 4064 ajouee:
559 4007 628 4054 Uxor
640 4012 712 4054 tenet.
728 4027 758 4044 -
774 4008 865 4068 Maria,
882 4009 968 4056 relicta
984 4007 1072 4054 Falisii
1084 4005 1221 4065 lautores.

253 4096 284 4159 (5)
302 4096 446 4154 stephanus
462 4097 587 4154 Metepert
601 4102 674 4145 tenet.
686 4098 720 4147 Me
735 4099 772 4146 56.

254 4183 288 4255 (6)
306 4187 361 4234 ῦῑιο
378 4185 503 4236 Annaea.
520 4187 554 4236 Me
572 4188 610 4235 56.
