3160 5016
613 506 811 572 -267-

188 654 260 724 tum
276 652 406 742 signari
419 656 454 720 et
476 649 654 730 subscribi,
670 655 928 738 nostrorumque
945 650 1131 740 sigillorum
1155 669 1231 716 con-

189 774 361 838 suetorum
381 768 522 836 fecimus
541 768 745 857 appensione
762 767 973 836 communiri.

216 937 219 942 .
234 887 356 954 Datum
370 891 405 951 et
415 890 527 952 actum
541 885 576 950 in
592 883 739 972 capitulo
757 887 874 951 nostro
889 883 1226 964 Sancti-Petri·Vivi‚

189 1001 286 1068 nobis
308 1001 349 1069 ob
369 1002 433 1068 hoc
452 1000 575 1067 ibidem
593 1000 636 1066 ad
659 1008 776 1067 'sonum
792 1020 965 1088 campane,
987 1004 1026 1069 ut
1042 999 1147 1066 moris
1163 1003 1229 1078 est,

190 1119 407 1208 cougregatis
437 1123 472 1186 et
506 1116 770 1206 capitulantibus
801 1117 1049 1205 capitulumque
1078 1119 1231 1182 nostrum

190 1235 384 1303 tenentibus
401 1239 436 1302 et
450 1233 664 1316 facientibus,
687 1253 776 1301 anno
794 1233 927 1300 Domini
947 1233 1125 1300 millesimo
1146 1253 1232 1319 qua-

190 1351 456 1439 dringentesimo
476 1351 752 1439 quinquagesimo
773 1351 903 1436 quinto,
926 1349 1093 1418 indicione
1108 1350 1228 1427 tercia,

189 1469 316 1534 mensis
335 1488 416 1537 uero
434 1467 633 1555 septembris
649 1466 703 1533 die
722 1471 856 1554 quarta,
880 1486 943 1553 que
965 1463 1032 1534 luit
1050 1465 1104 1531 die
1120 1466 1225 1547 lovis,

187 1589 265 1671 post
292 1583 415 1652 festum
446 1585 628 1652 Beatorum
659 1584 745 1670 Lupi
781 1587 816 1651 et
853 1583 982 1670 logion,
1014 1583 1230 1669 pontificatus

190 1701 397 1769 sanctissimi
423 1701 458 1766 in
480 1699 617 1768 Christo
631 1700 740 1788 patris
759 1704 794 1767 et
814 1698 939 1766 domini
963 1699 1072 1766 nostri
1091 1699 1228 1772 Callisti,

190 1816 305 1882 diviua
323 1815 551 1903 providencia,
576 1836 673 1903 pape,
689 1817 800 1894 tercii,
821 1836 909 1883 anno
924 1817 1045 1902 primo,
1060 1817 1231 1902 presenti-

189 1932 251 1999 bus
265 1932 415 2019 providis
441 1933 524 1999 viris
539 1934 557 1999 J
561 1934 694 1999 ohanne
709 1933 739 1998 le
754 1931 899 2011 Geniilz,
915 1933 933 1998 J
937 1932 1069 1999 ohanne
1085 1932 1115 1998 le
1130 1931 1228 2019 Saga,

191 2048 294 2114 Petro
315 2048 443 2114 Martiu
467 2055 501 2116 et
524 2048 709 2115 Guillermo
732 2049 888 2126 Meroier‚
914 2048 1059 2116 testibus
1084 2048 1126 2115 ad
1151 2069 1229 2134 pre-

189 2164 293 2230 missa
313 2165 442 2230 vocatis
465 2164 658 2252 specialiter
678 2168 713 2232 et
731 2165 873 2252 rogatis.

219 2348 255 2394 Eu
267 2347 319 2393 laco
330 2346 364 2393 du
378 2344 449 2406 soing
459 2346 493 2394 du
505 2345 608 2404 notalre,
619 2359 652 2394 on
662 2343 692 2393 lit
706 2346 731 2394 la
747 2345 859 2394 mention
874 2351 989 2394 surrento
1001 2366 1007 2393 :

232 2508 276 2576 Et
292 2529 365 2596 ego,
389 2508 562 2574 lohannes
579 2509 765 2595 Deshayes,
783 2508 923 2575 clericus
939 2509 980 2575 de
995 2509 1149 2588 Senonis
1165 2530 1230 2597 pu·

189 2626 296 2692 blious
325 2625 530 2693 auctoritate
551 2626 737 2713 apostolica
757 2627 913 2713 curieque
929 2625 1226 2712 archiepiscopalis

190 2741 395 2808 Senonensis
418 2741 573 2808 notarius
597 2746 632 2808 et
650 2741 788 2809 tabellio
800 2743 936 2830 juratus
959 2763 997 2808 ac
1024 2741 1227 2809 venerabilis

189 2857 328 2944 capituli
350 2857 489 2924 ecclesie
510 2857 769 2944 metropolitane
789 2859 992 2925 senonensis
1007 2858 1129 2936 scriba,
1148 2859 1227 2944 quia

185 2974 449 3060 prescriptorum
481 2993 654 3040 sacrorum
684 2976 862 3064 pignorum
893 2974 1094 3041 exhibitioni
1131 2973 1226 3040 desi-

186 3090 355 3176 gnationi,
378 3090 617 3170 nominacioni‚
640 3091 840 3179 decretoque
855 3095 890 3158 et
905 3090 1100 3157 eorumdem
1115 3091 1227 3158 tradi-

187 3206 293 3288 cioni‚
312 3206 552 3274 certificacioni
571 3210 606 3275 et
620 3209 822 3295 recepcioni‚
843 3207 1030 3295 ceterisque
1050 3207 1226 3294 premissis

187 3318 340 3384 omnibus
356 3324 389 3386 et
405 3320 560 3407 siugulis,
575 3319 652 3385 dum
664 3321 712 3386 sic
727 3325 766 3387 ut
782 3320 1048 3407 suprascriptum
1063 3325 1127 3399 est,
1144 3340 1227 3407 age-

185 3439 316 3514 rentur,
338 3434 533 3504 dicerentur
556 3441 590 3504 et
622 3434 743 3504 fierent
773 3457 842 3503 una
873 3456 948 3506 curn
978 3437 1226 3525 prenominatis

185 3550 330 3618 testibus
341 3572 482 3638 presens
501 3551 658 3630 interfui,
673 3557 707 3621 et
732 3573 771 3620 ac
796 3554 844 3618 sio
858 3552 931 3619 fieri
954 3553 1023 3620 uidi
1044 3557 1077 3620 et
1095 3553 1221 3630 audivi,

184 3690 224 3736 ac
237 3670 271 3736 in
288 3673 403 3737 uotam
424 3671 562 3757 sumpsi.
577 3670 706 3736 ldciroo
720 3673 895 3757 presentes
910 3670 1044 3736 litteras
1061 3669 1131 3736 sive
1146 3687 1225 3755 pre·

185 3805 262 3852 sens
278 3787 541 3853 instrumentum
557 3805 747 3853 monumen
762 3786 937 3873 scriptum,
954 3786 1010 3852 hio
1025 3784 1141 3850 eadem
1157 3804 1225 3850 ma-

168 3923 231 3969 ‘nu
245 3901 471 3978 subscribens,
491 3902 612 3968 exinde
632 3900 759 3970 confeci
777 3908 811 3969 et
830 3901 996 3989 publicam
1017 3901 1167 3968 litteram
1188 3902 1223 3966 iu

185 4017 274 4084 hanc
296 4017 463 4104 publicam
485 4017 627 4084 formam
651 4019 778 4108 redegi,
803 4020 964 4108 signoque
983 4036 1057 4084 meo
1075 4016 1220 4106 publice,

186 4153 250 4226 quo
271 4138 347 4202 utor
363 4135 547 4227 apostolica
565 4138 781 4220 auctoritate,
802 4137 901 4204 solito
915 4139 950 4204 et
962 4138 1134 4216 consueto,
1156 4153 1223 4204 una
