<?xml version="1.0" encoding="UTF-8"?>
<!DOCTYPE html PUBLIC "-//W3C//DTD XHTML 1.0 Transitional//EN"
    "http://www.w3.org/TR/xhtml1/DTD/xhtml1-transitional.dtd">
<html xmlns="http://www.w3.org/1999/xhtml" xml:lang="en" lang="en">
 <head>
  <title>
</title>
<meta http-equiv="Content-Type" content="text/html;charset=utf-8" />
  <meta name='ocr-system' content='tesseract 3.04.00' />
  <meta name='ocr-capabilities' content='ocr_page ocr_carea ocr_par ocr_line ocrx_word'/>
</head>
<body>
  <div class='ocr_page' id='page_1' title='image "./lelivredesreliq00prougoog_0080.png"; bbox 0 0 3180 5012; ppageno 0'>
   <div class='ocr_carea' id='block_1_1' title="bbox 689 521 867 588">
    <p class='ocr_par' dir='ltr' id='par_1_1' title="bbox 689 521 867 588">
     <span class='ocr_line' id='line_1_1' title="bbox 689 521 867 588; baseline 0.022 -18"><span class='ocrx_word' id='word_1_1' title='bbox 689 521 867 588; x_wconf 62' lang='lat' dir='ltr'>-ss-</span> 
     </span>
    </p>
   </div>
   <div class='ocr_carea' id='block_1_2' title="bbox 166 664 1406 2592">
    <p class='ocr_par' dir='ltr' id='par_1_2' title="bbox 254 664 1297 867">
     <span class='ocr_line' id='line_1_2' title="bbox 254 664 1297 754; baseline 0.003 -23"><span class='ocrx_word' id='word_1_2' title='bbox 254 665 415 746; x_wconf 88' lang='lat' dir='ltr'>occidere,</span> <span class='ocrx_word' id='word_1_3' title='bbox 431 668 465 731; x_wconf 92' lang='lat' dir='ltr'>et</span> <span class='ocrx_word' id='word_1_4' title='bbox 481 665 619 730; x_wconf 90' lang='lat' dir='ltr'>Petrum</span> <span class='ocrx_word' id='word_1_5' title='bbox 633 664 788 740; x_wconf 84' lang='lat' dir='ltr'>liberare,</span> <span class='ocrx_word' id='word_1_6' title='bbox 805 666 1096 752; x_wconf 64' lang='lat' dir='ltr'>Petrus‘populum</span> <span class='ocrx_word' id='word_1_7' title='bbox 1107 669 1244 754; x_wconf 81' lang='lat' dir='ltr'>rogavit</span> <span class='ocrx_word' id='word_1_8' title='bbox 1254 687 1297 734; x_wconf 90' lang='lat' dir='ltr'>ne</span> 
     </span>
     <span class='ocr_line' id='line_1_3' title="bbox 254 779 1297 867; baseline 0.002 -21"><span class='ocrx_word' id='word_1_9' title='bbox 254 800 349 846; x_wconf 89' lang='lat' dir='ltr'>suam</span> <span class='ocrx_word' id='word_1_10' title='bbox 363 781 554 867; x_wconf 83' lang='lat' dir='ltr'>passionem</span> <span class='ocrx_word' id='word_1_11' title='bbox 568 779 780 866; x_wconf 82' lang='lat' dir='ltr'>impedirent.</span> <span class='ocrx_word' id='word_1_12' title='bbox 792 781 940 867; x_wconf 90' lang='lat' dir='ltr'>Populus</span> <span class='ocrx_word' id='word_1_13' title='bbox 956 783 1047 848; x_wconf 89' lang='lat' dir='ltr'>circa</span> <span class='ocrx_word' id='word_1_14' title='bbox 1062 781 1201 848; x_wconf 90' lang='lat' dir='ltr'>Petrum</span> <span class='ocrx_word' id='word_1_15' title='bbox 1210 783 1297 850; x_wconf 87' lang='lat' dir='ltr'>vidit</span> 
     </span>
    </p>

    <p class='ocr_par' dir='ltr' id='par_1_3' title="bbox 198 885 1298 1212">
     <span class='ocr_line' id='line_1_4' title="bbox 198 885 1297 984; baseline 0.002 -24"><span class='ocrx_word' id='word_1_16' title='bbox 198 921 201 926; x_wconf 96' lang='lat'>·</span> <span class='ocrx_word' id='word_1_17' title='bbox 254 896 393 982; x_wconf 82' lang='lat' dir='ltr'>angelos</span> <span class='ocrx_word' id='word_1_18' title='bbox 409 900 444 961; x_wconf 93' lang='lat' dir='ltr'>et</span> <span class='ocrx_word' id='word_1_19' title='bbox 458 895 613 982; x_wconf 81' lang='lat' dir='ltr'>gloriam,</span> <span class='ocrx_word' id='word_1_20' title='bbox 632 899 666 962; x_wconf 89' lang='lat' dir='ltr'>et</span> <span class='ocrx_word' id='word_1_21' title='bbox 679 899 762 962; x_wconf 90' lang='lat' dir='ltr'>tunc</span> <span class='ocrx_word' id='word_1_22' title='bbox 778 896 914 974; x_wconf 77' lang='lat' dir='ltr'>Petrae,</span> <span class='ocrx_word' id='word_1_23' title='bbox 933 885 1064 982; x_wconf 82' lang='lat' dir='ltr'>gratias</span> <span class='ocrx_word' id='word_1_24' title='bbox 1082 885 1200 984; x_wconf 79' lang='lat' dir='ltr'>agens,</span> <span class='ocrx_word' id='word_1_25' title='bbox 1214 898 1297 963; x_wconf 91' lang='lat' dir='ltr'>emi-</span> 
     </span>
     <span class='ocr_line' id='line_1_5' title="bbox 256 1010 1297 1099; baseline 0.002 -22"><span class='ocrx_word' id='word_1_26' title='bbox 256 1013 302 1079; x_wconf 90' lang='lat' dir='ltr'>sit</span> <span class='ocrx_word' id='word_1_27' title='bbox 316 1011 484 1097; x_wconf 90' lang='lat' dir='ltr'>spiritum.</span> <span class='ocrx_word' id='word_1_28' title='bbox 498 1011 679 1077; x_wconf 81' lang='lat' dir='ltr'>Marcellus</span> <span class='ocrx_word' id='word_1_29' title='bbox 702 1015 737 1077; x_wconf 92' lang='lat' dir='ltr'>et</span> <span class='ocrx_word' id='word_1_30' title='bbox 751 1011 934 1097; x_wconf 76' lang='lat' dir='ltr'>AppuleuS,</span> <span class='ocrx_word' id='word_1_31' title='bbox 954 1010 1108 1097; x_wconf 87' lang='lat' dir='ltr'>discipuli</span> <span class='ocrx_word' id='word_1_32' title='bbox 1122 1013 1207 1099; x_wconf 88' lang='lat' dir='ltr'>ejus,</span> <span class='ocrx_word' id='word_1_33' title='bbox 1221 1033 1297 1079; x_wconf 89' lang='lat' dir='ltr'>eum</span> 
     </span>
     <span class='ocr_line' id='line_1_6' title="bbox 256 1124 1298 1212; baseline 0.001 -20"><span class='ocrx_word' id='word_1_34' title='bbox 256 1127 463 1212; x_wconf 79' lang='lat' dir='ltr'>deponentes</span> <span class='ocrx_word' id='word_1_35' title='bbox 491 1124 531 1191; x_wconf 91' lang='lat' dir='ltr'>de</span> <span class='ocrx_word' id='word_1_36' title='bbox 549 1145 646 1191; x_wconf 87' lang='lat' dir='ltr'>cruce</span> <span class='ocrx_word' id='word_1_37' title='bbox 672 1124 888 1212; x_wconf 88' lang='lat' dir='ltr'>sepelierunt.</span> <span class='ocrx_word' id='word_1_38' title='bbox 904 1128 1066 1212; x_wconf 84' lang='lat' dir='ltr'>Tempore</span> <span class='ocrx_word' id='word_1_39' title='bbox 1087 1146 1168 1194; x_wconf 85' lang='lat' dir='ltr'>vero</span> <span class='ocrx_word' id='word_1_40' title='bbox 1188 1130 1298 1195; x_wconf 88' lang='lat' dir='ltr'>sancti</span> 
     </span>
    </p>

    <p class='ocr_par' dir='ltr' id='par_1_4' title="bbox 239 1228 1346 2016">
     <span class='ocr_line' id='line_1_7' title="bbox 239 1228 1303 1328; baseline 0.004 -22"><span class='ocrx_word' id='word_1_41' title='bbox 239 1277 242 1282; x_wconf 92' lang='lat'>·</span> <span class='ocrx_word' id='word_1_42' title='bbox 256 1239 403 1306; x_wconf 88' lang='lat' dir='ltr'>Cornelii</span> <span class='ocrx_word' id='word_1_43' title='bbox 425 1260 523 1326; x_wconf 90' lang='lat' dir='ltr'>pape,</span> <span class='ocrx_word' id='word_1_44' title='bbox 545 1239 644 1305; x_wconf 86' lang='lat' dir='ltr'>Greci</span> <span class='ocrx_word' id='word_1_45' title='bbox 658 1239 774 1305; x_wconf 90' lang='lat' dir='ltr'>fideles</span> <span class='ocrx_word' id='word_1_46' title='bbox 788 1260 929 1327; x_wconf 88' lang='lat' dir='ltr'>corpora</span> <span class='ocrx_word' id='word_1_47' title='bbox 945 1242 1173 1328; x_wconf 89' lang='lat' dir='ltr'>apostolorum</span> <span class='ocrx_word' id='word_1_48' title='bbox 1193 1228 1303 1310; x_wconf 37' lang='lat' dir='ltr'>furati*</span> 
     </span>
     <span class='ocr_line' id='line_1_8' title="bbox 255 1335 1295 1443; baseline 0 -21"><span class='ocrx_word' id='word_1_49' title='bbox 255 1356 488 1443; x_wconf 82' lang='lat' dir='ltr'>asportabant.</span> <span class='ocrx_word' id='word_1_50' title='bbox 516 1356 609 1420; x_wconf 91' lang='lat' dir='ltr'>Tunc</span> <span class='ocrx_word' id='word_1_51' title='bbox 628 1374 695 1421; x_wconf 80' lang='lat' dir='ltr'>vox</span> <span class='ocrx_word' id='word_1_52' title='bbox 710 1354 751 1420; x_wconf 92' lang='lat' dir='ltr'>de</span> <span class='ocrx_word' id='word_1_53' title='bbox 771 1355 841 1422; x_wconf 92' lang='lat' dir='ltr'>celo</span> <span class='ocrx_word' id='word_1_54' title='bbox 855 1354 946 1423; x_wconf 87' lang='lat' dir='ltr'>facta</span> <span class='ocrx_word' id='word_1_55' title='bbox 958 1361 1029 1424; x_wconf 90' lang='lat' dir='ltr'>est:</span> <span class='ocrx_word' id='word_1_56' title='bbox 1047 1335 1123 1422; x_wconf 88' lang='lat' dir='ltr'>Viri</span> <span class='ocrx_word' id='word_1_57' title='bbox 1140 1357 1295 1436; x_wconf 89' lang='lat' dir='ltr'>Romani,</span> 
     </span>
     <span class='ocr_line' id='line_1_9' title="bbox 254 1468 1298 1558; baseline 0.002 -22"><span class='ocrx_word' id='word_1_58' title='bbox 254 1473 395 1558; x_wconf 85' lang='lat' dir='ltr'>surgite,</span> <span class='ocrx_word' id='word_1_59' title='bbox 412 1472 491 1557; x_wconf 90' lang='lat' dir='ltr'>quia</span> <span class='ocrx_word' id='word_1_60' title='bbox 512 1469 558 1535; x_wconf 92' lang='lat' dir='ltr'>dii</span> <span class='ocrx_word' id='word_1_61' title='bbox 574 1471 680 1538; x_wconf 85' lang='lat' dir='ltr'>vestri</span> <span class='ocrx_word' id='word_1_62' title='bbox 695 1468 906 1539; x_wconf 86' lang='lat' dir='ltr'>auferuntur.</span> <span class='ocrx_word' id='word_1_63' title='bbox 926 1471 1022 1538; x_wconf 89' lang='lat' dir='ltr'>Unde</span> <span class='ocrx_word' id='word_1_64' title='bbox 1039 1471 1150 1550; x_wconf 83' lang='lat' dir='ltr'>Greci,</span> <span class='ocrx_word' id='word_1_65' title='bbox 1172 1472 1298 1538; x_wconf 84' lang='lat' dir='ltr'>tinten-</span> 
     </span>
     <span class='ocr_line' id='line_1_10' title="bbox 255 1586 1298 1673; baseline 0 -21"><span class='ocrx_word' id='word_1_66' title='bbox 255 1591 320 1664; x_wconf 88' lang='lat' dir='ltr'>tes,</span> <span class='ocrx_word' id='word_1_67' title='bbox 338 1586 498 1673; x_wconf 90' lang='lat' dir='ltr'>reliquias</span> <span class='ocrx_word' id='word_1_68' title='bbox 513 1586 740 1670; x_wconf 87' lang='lat' dir='ltr'>apostolorum</span> <span class='ocrx_word' id='word_1_69' title='bbox 756 1586 791 1650; x_wconf 90' lang='lat' dir='ltr'>in</span> <span class='ocrx_word' id='word_1_70' title='bbox 804 1590 940 1672; x_wconf 90' lang='lat' dir='ltr'>puteum</span> <span class='ocrx_word' id='word_1_71' title='bbox 958 1587 1185 1673; x_wconf 87' lang='lat' dir='ltr'>projecerunt,</span> <span class='ocrx_word' id='word_1_72' title='bbox 1202 1586 1260 1652; x_wconf 90' lang='lat' dir='ltr'>sed</span> <span class='ocrx_word' id='word_1_73' title='bbox 1277 1607 1298 1652; x_wconf 92' lang='lat' dir='ltr'>a</span> 
     </span>
     <span class='ocr_line' id='line_1_11' title="bbox 257 1699 1346 1780; baseline 0.01 -15"><span class='ocrx_word' id='word_1_74' title='bbox 257 1699 409 1772; x_wconf 85' lang='lat' dir='ltr'>fidelibus</span> <span class='ocrx_word' id='word_1_75' title='bbox 425 1701 547 1768; x_wconf 89' lang='lat' dir='ltr'>exinde</span> <span class='ocrx_word' id='word_1_76' title='bbox 562 1705 718 1780; x_wconf 85' lang='lat' dir='ltr'>extracta</span> <span class='ocrx_word' id='word_1_77' title='bbox 747 1699 895 1768; x_wconf 88' lang='lat' dir='ltr'>fuerunt.</span> <span class='ocrx_word' id='word_1_78' title='bbox 923 1700 967 1767; x_wconf 79' lang='lat' dir='ltr'>lit</span> <span class='ocrx_word' id='word_1_79' title='bbox 990 1720 1065 1767; x_wconf 89' lang='lat' dir='ltr'>cum</span> <span class='ocrx_word' id='word_1_80' title='bbox 1084 1701 1299 1770; x_wconf 77' lang='lat' dir='ltr'>dubitaretur</span> <span class='ocrx_word' id='word_1_81' title='bbox 1311 1713 1346 1775; x_wconf 85' lang='lat'>10</span> 
     </span>
     <span class='ocr_line' id='line_1_12' title="bbox 255 1813 1298 1902; baseline 0 -20"><span class='ocrx_word' id='word_1_82' title='bbox 255 1837 318 1902; x_wconf 86' lang='lat' dir='ltr'>que</span> <span class='ocrx_word' id='word_1_83' title='bbox 332 1820 447 1883; x_wconf 89' lang='lat' dir='ltr'>essent</span> <span class='ocrx_word' id='word_1_84' title='bbox 465 1816 556 1884; x_wconf 88' lang='lat' dir='ltr'>beati</span> <span class='ocrx_word' id='word_1_85' title='bbox 572 1816 666 1883; x_wconf 91' lang='lat' dir='ltr'>Petri</span> <span class='ocrx_word' id='word_1_86' title='bbox 687 1814 740 1881; x_wconf 88' lang='lat' dir='ltr'>vel</span> <span class='ocrx_word' id='word_1_87' title='bbox 760 1815 851 1882; x_wconf 87' lang='lat' dir='ltr'>beati</span> <span class='ocrx_word' id='word_1_88' title='bbox 876 1815 974 1880; x_wconf 89' lang='lat' dir='ltr'>Pauli</span> <span class='ocrx_word' id='word_1_89' title='bbox 994 1813 1192 1902; x_wconf 83' lang='lat' dir='ltr'>responsum</span> <span class='ocrx_word' id='word_1_90' title='bbox 1210 1815 1298 1882; x_wconf 84' lang='lat' dir='ltr'>divi-</span> 
     </span>
     <span class='ocr_line' id='line_1_13' title="bbox 256 1929 1298 2016; baseline 0.003 -21"><span class='ocrx_word' id='word_1_91' title='bbox 256 1931 348 1998; x_wconf 91' lang='lat' dir='ltr'>nitus</span> <span class='ocrx_word' id='word_1_92' title='bbox 365 1929 441 2008; x_wconf 87' lang='lat' dir='ltr'>fuit,</span> <span class='ocrx_word' id='word_1_93' title='bbox 462 1930 595 1996; x_wconf 89' lang='lat' dir='ltr'>minora</span> <span class='ocrx_word' id='word_1_94' title='bbox 608 1950 682 1995; x_wconf 87' lang='lat' dir='ltr'>esse</span> <span class='ocrx_word' id='word_1_95' title='bbox 698 1930 892 2015; x_wconf 86' lang='lat' dir='ltr'>piscatoris.</span> <span class='ocrx_word' id='word_1_96' title='bbox 918 1931 964 1994; x_wconf 89' lang='lat' dir='ltr'>De</span> <span class='ocrx_word' id='word_1_97' title='bbox 982 1931 1088 2016; x_wconf 89' lang='lat' dir='ltr'>ipsius</span> <span class='ocrx_word' id='word_1_98' title='bbox 1104 1931 1298 1998; x_wconf 88' lang='lat' dir='ltr'>sacratissi-</span> 
     </span>
    </p>

    <p class='ocr_par' dir='ltr' id='par_1_5' title="bbox 166 2041 1406 2592">
     <span class='ocr_line' id='line_1_14' title="bbox 166 2041 1329 2136; baseline 0.001 -25"><span class='ocrx_word' id='word_1_99' title='bbox 166 2129 169 2136; x_wconf 86' lang='lat'>.</span> <span class='ocrx_word' id='word_1_100' title='bbox 256 2046 320 2111; x_wconf 91' lang='lat' dir='ltr'>mis</span> <span class='ocrx_word' id='word_1_101' title='bbox 338 2045 490 2131; x_wconf 86' lang='lat' dir='ltr'>reliquiis</span> <span class='ocrx_word' id='word_1_102' title='bbox 503 2043 678 2122; x_wconf 91' lang='lat' dir='ltr'>habemus,</span> <span class='ocrx_word' id='word_1_103' title='bbox 700 2041 857 2111; x_wconf 83' lang='lat' dir='ltr'>videlicet</span> <span class='ocrx_word' id='word_1_104' title='bbox 875 2043 916 2109; x_wconf 91' lang='lat' dir='ltr'>de</span> <span class='ocrx_word' id='word_1_105' title='bbox 936 2043 1054 2124; x_wconf 90' lang='lat' dir='ltr'>barba,</span> <span class='ocrx_word' id='word_1_106' title='bbox 1079 2045 1294 2124; x_wconf 85' lang='lat' dir='ltr'>vestimento,</span> <span class='ocrx_word' id='word_1_107' title='bbox 1327 2051 1329 2056; x_wconf 84' lang='lat'>&#39;</span> 
     </span>
     <span class='ocr_line' id='line_1_15' title="bbox 177 2159 1298 2246; baseline 0.002 -22"><span class='ocrx_word' id='word_1_108' title='bbox 177 2237 179 2242; x_wconf 21' lang='grc' dir='ltr'>Ι</span> <span class='ocrx_word' id='word_1_109' title='bbox 255 2179 353 2226; x_wconf 91' lang='lat' dir='ltr'>cruce</span> <span class='ocrx_word' id='word_1_110' title='bbox 369 2163 471 2245; x_wconf 91' lang='lat' dir='ltr'>atque</span> <span class='ocrx_word' id='word_1_111' title='bbox 490 2159 614 2246; x_wconf 89' lang='lat' dir='ltr'>palma.</span> <span class='ocrx_word' id='word_1_112' title='bbox 629 2159 699 2233; x_wconf 86' lang='lat' dir='ltr'>Que</span> <span class='ocrx_word' id='word_1_113' title='bbox 711 2159 852 2245; x_wconf 90' lang='lat' dir='ltr'>reliquie</span> <span class='ocrx_word' id='word_1_114' title='bbox 868 2160 1004 2226; x_wconf 84' lang='lat' dir='ltr'>invente</span> <span class='ocrx_word' id='word_1_115' title='bbox 1017 2159 1156 2227; x_wconf 85' lang='lat' dir='ltr'>fuerunt</span> <span class='ocrx_word' id='word_1_116' title='bbox 1171 2181 1191 2225; x_wconf 88' lang='lat' dir='ltr'>a</span> <span class='ocrx_word' id='word_1_117' title='bbox 1208 2160 1298 2226; x_wconf 89' lang='lat' dir='ltr'>dom·</span> 
     </span>
     <span class='ocr_line' id='line_1_16' title="bbox 256 2274 1406 2371; baseline 0.003 -32"><span class='ocrx_word' id='word_1_118' title='bbox 256 2294 299 2340; x_wconf 95' lang='lat' dir='ltr'>no</span> <span class='ocrx_word' id='word_1_119' title='bbox 327 2275 497 2353; x_wconf 88' lang='lat' dir='ltr'>Richerio,</span> <span class='ocrx_word' id='word_1_120' title='bbox 523 2275 709 2341; x_wconf 88' lang='lat' dir='ltr'>Senonensi</span> <span class='ocrx_word' id='word_1_121' title='bbox 743 2274 910 2359; x_wconf 90' lang='lat' dir='ltr'>qnondam</span> <span class='ocrx_word' id='word_1_122' title='bbox 938 2275 1201 2362; x_wconf 84' lang='lat' dir='ltr'>archiepiscopo,</span> <span class='ocrx_word' id='word_1_123' title='bbox 1220 2295 1295 2342; x_wconf 91' lang='lat' dir='ltr'>cum</span> <span class='ocrx_word' id='word_1_124' title='bbox 1404 2367 1406 2371; x_wconf 23' lang='grc' dir='ltr'>Ι</span> 
     </span>
     <span class='ocr_line' id='line_1_17' title="bbox 256 2388 1295 2478; baseline 0.004 -24"><span class='ocrx_word' id='word_1_125' title='bbox 256 2390 364 2475; x_wconf 89' lang='lat' dir='ltr'>capite</span> <span class='ocrx_word' id='word_1_126' title='bbox 377 2389 468 2457; x_wconf 86' lang='lat' dir='ltr'>beati</span> <span class='ocrx_word' id='word_1_127' title='bbox 483 2388 639 2477; x_wconf 88' lang='lat' dir='ltr'>Gregorii</span> <span class='ocrx_word' id='word_1_128' title='bbox 653 2409 726 2455; x_wconf 90' lang='lat' dir='ltr'>oum</span> <span class='ocrx_word' id='word_1_129' title='bbox 744 2389 1083 2476; x_wconf 89' lang='lat' dir='ltr'>superscriptionibus</span> <span class='ocrx_word' id='word_1_130' title='bbox 1093 2388 1158 2456; x_wconf 85' lang='lat' dir='ltr'>fide</span> <span class='ocrx_word' id='word_1_131' title='bbox 1170 2389 1295 2478; x_wconf 86' lang='lat' dir='ltr'>dignis,</span> 
     </span>
     <span class='ocr_line' id='line_1_18' title="bbox 257 2501 1322 2592; baseline 0.002 -22"><span class='ocrx_word' id='word_1_132' title='bbox 257 2523 345 2570; x_wconf 90' lang='lat' dir='ltr'>anno</span> <span class='ocrx_word' id='word_1_133' title='bbox 361 2503 405 2570; x_wconf 86' lang='lat' dir='ltr'>ab</span> <span class='ocrx_word' id='word_1_134' title='bbox 433 2505 668 2571; x_wconf 86' lang='lat' dir='ltr'>incarnatione</span> <span class='ocrx_word' id='word_1_135' title='bbox 684 2504 812 2572; x_wconf 84' lang='lat' dir='ltr'>Christi</span> <span class='ocrx_word' id='word_1_136' title='bbox 828 2506 876 2571; x_wconf 90' lang='lat' dir='ltr'>M⁰</span> <span class='ocrx_word' id='word_1_137' title='bbox 889 2501 1110 2592; x_wconf 86' lang='lat' dir='ltr'>nonogesimo</span> <span class='ocrx_word' id='word_1_138' title='bbox 1119 2507 1249 2591; x_wconf 83' lang='lat' dir='ltr'>quintu.</span> <span class='ocrx_word' id='word_1_139' title='bbox 1259 2515 1265 2562; x_wconf 73' lang='lat' dir='ltr'><strong><em>f</em></strong></span> <span class='ocrx_word' id='word_1_140' title='bbox 1317 2501 1322 2511; x_wconf 88' lang='lat'>&#39;</span> 
     </span>
    </p>
   </div>
   <div class='ocr_carea' id='block_1_3' title="bbox 558 2753 998 2806">
    <p class='ocr_par' dir='ltr' id='par_1_6' title="bbox 558 2753 998 2806">
     <span class='ocr_line' id='line_1_19' title="bbox 558 2753 998 2806; baseline 0.002 -5"><span class='ocrx_word' id='word_1_141' title='bbox 558 2755 601 2801; x_wconf 81' lang='lat' dir='ltr'>DE</span> <span class='ocrx_word' id='word_1_142' title='bbox 625 2753 728 2806; x_wconf 79' lang='lat' dir='ltr'>cnPsA</span> <span class='ocrx_word' id='word_1_143' title='bbox 751 2753 998 2802; x_wconf 80' lang='lat' dir='ltr'>APOSTOLORUM</span> 
     </span>
    </p>
   </div>
   <div class='ocr_carea' id='block_1_4' title="bbox 256 2961 1389 3740">
    <p class='ocr_par' dir='ltr' id='par_1_7' title="bbox 256 2961 1389 3740">
     <span class='ocr_line' id='line_1_20' title="bbox 302 2961 1325 3052; baseline 0.001 -21"><span class='ocrx_word' id='word_1_144' title='bbox 302 2964 443 3051; x_wconf 85' lang='lat' dir='ltr'>Capsam</span> <span class='ocrx_word' id='word_1_145' title='bbox 465 2965 692 3052; x_wconf 87' lang='lat' dir='ltr'>apostolorum</span> <span class='ocrx_word' id='word_1_146' title='bbox 712 2961 873 3030; x_wconf 87' lang='lat' dir='ltr'>habemus</span> <span class='ocrx_word' id='word_1_147' title='bbox 893 2983 955 3049; x_wconf 89' lang='lat' dir='ltr'>que</span> <span class='ocrx_word' id='word_1_148' title='bbox 970 2963 1145 3029; x_wconf 93' lang='lat' dir='ltr'>inhonore</span> <span class='ocrx_word' id='word_1_149' title='bbox 1160 2968 1298 3049; x_wconf 86' lang='lat' dir='ltr'>aposto·</span> <span class='ocrx_word' id='word_1_150' title='bbox 1324 3029 1325 3032; x_wconf 74' lang='grc'>,</span> 
     </span>
     <span class='ocr_line' id='line_1_21' title="bbox 257 3077 1347 3171; baseline 0 -25"><span class='ocrx_word' id='word_1_151' title='bbox 257 3081 365 3146; x_wconf 91' lang='lat' dir='ltr'>lorum</span> <span class='ocrx_word' id='word_1_152' title='bbox 385 3083 420 3147; x_wconf 85' lang='lat' dir='ltr'>et</span> <span class='ocrx_word' id='word_1_153' title='bbox 444 3079 753 3166; x_wconf 85' lang='lat' dir='ltr'>euvangelisterum</span> <span class='ocrx_word' id='word_1_154' title='bbox 779 3077 946 3147; x_wconf 85' lang='lat' dir='ltr'>fabricata</span> <span class='ocrx_word' id='word_1_155' title='bbox 978 3077 1055 3156; x_wconf 86' lang='lat' dir='ltr'>fuit,</span> <span class='ocrx_word' id='word_1_156' title='bbox 1080 3082 1114 3144; x_wconf 94' lang='lat' dir='ltr'>et</span> <span class='ocrx_word' id='word_1_157' title='bbox 1140 3079 1230 3163; x_wconf 87' lang='lat' dir='ltr'>quia,</span> <span class='ocrx_word' id='word_1_158' title='bbox 1260 3082 1298 3147; x_wconf 87' lang='lat' dir='ltr'>ut</span> <span class='ocrx_word' id='word_1_159' title='bbox 1307 3106 1347 3171; x_wconf 72' lang='lat'>20</span> 
     </span>
     <span class='ocr_line' id='line_1_22' title="bbox 258 3192 1297 3280; baseline -0.001 -20"><span class='ocrx_word' id='word_1_160' title='bbox 258 3194 406 3261; x_wconf 85' lang='lat' dir='ltr'>creditur</span> <span class='ocrx_word' id='word_1_161' title='bbox 423 3199 458 3261; x_wconf 87' lang='lat' dir='ltr'>et</span> <span class='ocrx_word' id='word_1_162' title='bbox 476 3195 566 3280; x_wconf 90' lang='lat' dir='ltr'>pium</span> <span class='ocrx_word' id='word_1_163' title='bbox 582 3197 635 3261; x_wconf 90' lang='lat' dir='ltr'>est</span> <span class='ocrx_word' id='word_1_164' title='bbox 650 3193 798 3272; x_wconf 88' lang='lat' dir='ltr'>credere,</span> <span class='ocrx_word' id='word_1_165' title='bbox 815 3192 885 3259; x_wconf 85' lang='lat' dir='ltr'>fere</span> <span class='ocrx_word' id='word_1_166' title='bbox 905 3193 1053 3259; x_wconf 92' lang='lat' dir='ltr'>omnium</span> <span class='ocrx_word' id='word_1_167' title='bbox 1068 3192 1297 3279; x_wconf 90' lang='lat' dir='ltr'>apostolorum</span> 
     </span>
     <span class='ocr_line' id='line_1_23' title="bbox 257 3309 1298 3407; baseline -0.001 -31"><span class='ocrx_word' id='word_1_168' title='bbox 257 3314 292 3377; x_wconf 91' lang='lat' dir='ltr'>et</span> <span class='ocrx_word' id='word_1_169' title='bbox 306 3310 613 3398; x_wconf 88' lang='lat' dir='ltr'>euvangelistarum</span> <span class='ocrx_word' id='word_1_170' title='bbox 627 3311 661 3375; x_wconf 94' lang='lat' dir='ltr'>in</span> <span class='ocrx_word' id='word_1_171' title='bbox 677 3310 750 3396; x_wconf 89' lang='lat' dir='ltr'>ipsa</span> <span class='ocrx_word' id='word_1_172' title='bbox 767 3309 984 3407; x_wconf 80' lang='lat' dir='ltr'>reliquiarum</span> <span class='ocrx_word' id='word_1_173' title='bbox 1001 3309 1212 3395; x_wconf 84' lang='lat' dir='ltr'>portiuncula</span> <span class='ocrx_word' id='word_1_174' title='bbox 1223 3328 1298 3376; x_wconf 90' lang='lat' dir='ltr'>con·</span> 
     </span>
     <span class='ocr_line' id='line_1_24' title="bbox 256 3399 1296 3510; baseline 0 -20"><span class='ocrx_word' id='word_1_175' title='bbox 256 3399 422 3502; x_wconf 75' lang='lat' dir='ltr'>ficentur,</span> <span class='ocrx_word' id='word_1_176' title='bbox 437 3425 574 3510; x_wconf 90' lang='lat' dir='ltr'>insuper</span> <span class='ocrx_word' id='word_1_177' title='bbox 588 3425 667 3510; x_wconf 88' lang='lat' dir='ltr'>quia</span> <span class='ocrx_word' id='word_1_178' title='bbox 680 3424 788 3510; x_wconf 90' lang='lat' dir='ltr'>majus</span> <span class='ocrx_word' id='word_1_179' title='bbox 799 3423 907 3490; x_wconf 86' lang='lat' dir='ltr'>altare</span> <span class='ocrx_word' id='word_1_180' title='bbox 921 3425 1030 3491; x_wconf 91' lang='lat' dir='ltr'>nostri</span> <span class='ocrx_word' id='word_1_181' title='bbox 1049 3425 1250 3493; x_wconf 87' lang='lat' dir='ltr'>monasterii</span> <span class='ocrx_word' id='word_1_182' title='bbox 1261 3426 1296 3490; x_wconf 91' lang='lat' dir='ltr'>in</span> 
     </span>
     <span class='ocr_line' id='line_1_25' title="bbox 257 3536 1296 3626; baseline -0.001 -23"><span class='ocrx_word' id='word_1_183' title='bbox 257 3537 385 3606; x_wconf 94' lang='lat' dir='ltr'>honore</span> <span class='ocrx_word' id='word_1_184' title='bbox 405 3540 553 3626; x_wconf 89' lang='lat' dir='ltr'>ipsorum</span> <span class='ocrx_word' id='word_1_185' title='bbox 578 3537 645 3605; x_wconf 83' lang='lat' dir='ltr'>fuit</span> <span class='ocrx_word' id='word_1_186' title='bbox 661 3539 810 3604; x_wconf 92' lang='lat' dir='ltr'>omnium</span> <span class='ocrx_word' id='word_1_187' title='bbox 831 3536 1045 3617; x_wconf 88' lang='lat' dir='ltr'>dedicatum,</span> <span class='ocrx_word' id='word_1_188' title='bbox 1065 3537 1139 3605; x_wconf 93' lang='lat' dir='ltr'>ideo</span> <span class='ocrx_word' id='word_1_189' title='bbox 1159 3537 1200 3602; x_wconf 91' lang='lat' dir='ltr'>de</span> <span class='ocrx_word' id='word_1_190' title='bbox 1214 3537 1296 3624; x_wconf 90' lang='lat' dir='ltr'>ipsis</span> 
     </span>
     <span class='ocr_line' id='line_1_26' title="bbox 257 3635 1389 3740; baseline -0.002 -20"><span class='ocrx_word' id='word_1_191' title='bbox 257 3654 411 3720; x_wconf 89' lang='lat' dir='ltr'>omuibus</span> <span class='ocrx_word' id='word_1_192' title='bbox 428 3659 462 3722; x_wconf 90' lang='lat' dir='ltr'>et</span> <span class='ocrx_word' id='word_1_193' title='bbox 476 3653 620 3740; x_wconf 89' lang='lat' dir='ltr'>singulis</span> <span class='ocrx_word' id='word_1_194' title='bbox 635 3672 797 3722; x_wconf 87' lang='lat' dir='ltr'>enarrare</span> <span class='ocrx_word' id='word_1_195' title='bbox 815 3651 928 3738; x_wconf 90' lang='lat' dir='ltr'>aliqua</span> <span class='ocrx_word' id='word_1_196' title='bbox 939 3651 1079 3739; x_wconf 89' lang='lat' dir='ltr'>dignum</span> <span class='ocrx_word' id='word_1_197' title='bbox 1090 3652 1183 3719; x_wconf 86' lang='lat' dir='ltr'>duxi.</span> <span class='ocrx_word' id='word_1_198' title='bbox 1385 3635 1389 3640; x_wconf 47' lang='grc'><strong><em>’</em></strong></span> 
     </span>
    </p>
   </div>
   <div class='ocr_carea' id='block_1_5' title="bbox 461 3873 1035 3952">
    <p class='ocr_par' dir='ltr' id='par_1_8' title="bbox 461 3873 1035 3952">
     <span class='ocr_line' id='line_1_27' title="bbox 461 3873 1035 3952; baseline 0 -2"><span class='ocrx_word' id='word_1_199' title='bbox 461 3873 557 3952; x_wconf 62' lang='grc' dir='ltr'>’.ΒΕ</span> <span class='ocrx_word' id='word_1_200' title='bbox 581 3902 709 3951; x_wconf 71' lang='lat' dir='ltr'>sonoro</span> <span class='ocrx_word' id='word_1_201' title='bbox 732 3903 843 3951; x_wconf 77' lang='lat' dir='ltr'>ranno</span> <span class='ocrx_word' id='word_1_202' title='bbox 866 3902 1035 3950; x_wconf 80' lang='lat' dir='ltr'>Arosrono</span> 
     </span>
    </p>
   </div>
   <div class='ocr_carea' id='block_1_6' title="bbox 302 4111 1296 4202">
    <p class='ocr_par' dir='ltr' id='par_1_9' title="bbox 302 4111 1296 4202">
     <span class='ocr_line' id='line_1_28' title="bbox 302 4111 1296 4202; baseline -0.006 -18"><span class='ocrx_word' id='word_1_203' title='bbox 302 4115 400 4184; x_wconf 83' lang='lat' dir='ltr'>Anno</span> <span class='ocrx_word' id='word_1_204' title='bbox 414 4115 672 4185; x_wconf 81' lang='lat' dir='ltr'>incarnationis.</span> <span class='ocrx_word' id='word_1_205' title='bbox 688 4113 820 4188; x_wconf 87' lang='lat' dir='ltr'>Domini</span> <span class='ocrx_word' id='word_1_206' title='bbox 840 4112 1022 4191; x_wconf 83' lang='lat' dir='ltr'>XXXI-11⁰,</span> <span class='ocrx_word' id='word_1_207' title='bbox 1045 4112 1115 4202; x_wconf 88' lang='lat' dir='ltr'>ipse</span> <span class='ocrx_word' id='word_1_208' title='bbox 1136 4111 1296 4183; x_wconf 81' lang='lat' dir='ltr'>Dominus</span> 
     </span>
    </p>
   </div>
   <div class='ocr_carea' id='block_1_7' title="bbox 0 0 1599 5012">
    <p class='ocr_par' dir='ltr' id='par_1_10' title="bbox 0 0 1599 5012">
     <span class='ocr_line' id='line_1_29' title="bbox 0 0 1599 5012; baseline 0 0"><span class='ocrx_word' id='word_1_209' title='bbox 0 0 1599 5012; x_wconf 95' lang='lat' dir='ltr'> </span> 
     </span>
    </p>
   </div>
  </div>
 </body>
</html>
