3168 5012
651 487 695 502 -
718 451 781 517 187
806 487 849 504 -

446 633 622 682 uuousuus
645 633 758 680 annau
782 633 857 681 nius
886 633 959 678 xxx
983 611 1058 700 (sio)

273 779 304 841 l.
321 814 364 824 -
380 774 603 841 Kalendis-
621 775 715 841 Petri
731 773 772 840 ad
785 773 930 839 vincula.
945 773 1035 840 Obiit
1051 770 1267 849 Hemodos,

228 893 423 969 celerarius,
442 911 503 978 pno
532 910 595 976 quo
620 891 723 956 habet
738 894 934 967 conventus,
959 909 1059 975 super
1081 889 1215 954 vineam
1233 889 1269 951 in

228 1006 469 1084 Bello-Monte,
485 1027 508 1070 x
528 1027 556 1070 s.
575 1027 623 1091 p.,
635 1007 683 1070 xii
695 1006 727 1071 d.
747 1005 941 1082 elemosina,
954 1005 1003 1068 xii
1019 1002 1052 1068 d.
1065 1003 1266 1089 pulsatores,

257 1120 352 1168 Bellins
366 1121 396 1167 de
407 1119 535 1167 'Ruvitres

261 1210 371 1261 Yaabiau
381 1211 405 1255 la
418 1210 530 1269 Hatera,
550 1209 644 1266 femme
661 1210 704 1265 seu
722 1208 796 1254 Belin
812 1210 843 1254 de
859 1208 977 1254 Ravierea
993 1211 1067 1253 tenet,

272 1297 441 1362 2.-1111
465 1297 552 1362 Non.
572 1336 616 1345 —
636 1296 800 1362 Obierunt
828 1295 1051 1361 Constanoius
1079 1297 1114 1360 et
1138 1294 1266 1369 Aunes,

227 1431 314 1478 uxor
332 1411 415 1497 ejus,
431 1411 626 1497 proquibus
639 1410 743 1477 habet
754 1414 951 1490 conventus,
972 1412 1211 1495 superterram
1229 1407 1269 1472 de
1351 1491 1355 1497 .

226 1527 324 1593 Valle
340 1503 455 1612 Regis,
472 1548 493 1592 v
509 1547 536 1592 s.
549 1548 597 1612 p.,
617 1529 651 1592 vi
668 1527 700 1591 d.
712 1526 910 1602 elemosina·
924 1527 957 1589 vi
972 1525 1004 1590 d.
1016 1524 1217 1610 pulsatores;
1236 1527 1270 1589 et

225 1645 410 1707 conventus
434 1645 546 1726 potest
574 1642 694 1706 saisire
722 1639 881 1726 quidquid
899 1640 1030 1705 invenit
1050 1659 1150 1725 super
1175 1638 1268 1704 illam

225 1761 352 1823 ternam
374 1761 408 1821 et
422 1756 569 1822 retinere
588 1775 648 1841 pro
668 1755 801 1822 defectu
820 1754 997 1824 solutionis
1011 1755 1149 1840 pecunie
1164 1774 1268 1838 usque

226 1871 269 1939 ad
292 1870 570 1938 satisfactionem.

259 1995 345 2040 (lerant
361 1993 391 2040 de
404 1993 502 2040 Henout
517 1993 581 2040 xviii
591 1995 615 2041 d.

257 2083 383 2129 lohannes
400 2082 533 2129 Andormiz
546 2083 576 2129 da
593 2081 817 2130 Sancta-Clemente
830 2083 894 2129 xviii
911 2083 935 2146 (l.

256 2170 360 2216 Etienne
372 2169 505 2216 Travaillie
517 2171 547 2217 de
558 2170 789 2218 Sancta-Clemente
806 2171 886 2220 xxviii
903 2185 953 2230 par.

258 2259 383 2305 lohannes
395 2259 426 2306 de
437 2260 491 2306 Sooi
509 2260 534 2306 ix
551 2260 575 2310 d.
587 2273 612 2318 p.

256 2350 341 2394 Adam
357 2351 388 2394 de
404 2350 532 2408 Monleon‚
545 2350 608 2394 xviii
625 2352 649 2396 d.

258 2422 401 2494 Stephanus
418 2439 548 2487 diotae-
560 2440 682 2496 Paquiapa
694 2441 725 2485 de
739 2417 975 2486 Sancto-Clemente
989 2441 1015 2485 ix
1028 2443 1053 2488 d.

269 2527 301 2592 3.
317 2526 425 2591 -ΙΙΙ
448 2527 537 2593 Non.
555 2565 598 2574 —
612 2529 768 2594 Iuventio
785 2531 894 2605 amoti
914 2526 1087 2615 Stephani.
1102 2529 1162 2596 Ob.

271 2642 329 2708 Ob.
352 2643 385 2706 4.
407 2642 740 2708 -11N0n.-0b.
803 2693 807 2699 a

266 2757 332 2834 Ob.
359 2758 391 2822 5.
405 2794 448 2804 -
463 2757 582 2823 Nonis.
602 2794 646 2803 -
658 2756 720 2821 Ob.

268 2874 300 2938 6.
318 2872 460 2937 -VIII
480 2872 545 2938 Yd.
566 2873 720 2940 -Obiit
740 2875 912 2940 lohannes
934 2876 1162 2960 DespenIauS,
1191 2897 1265 2943 mo-

126 3065 128 3070 ,
224 2988 364 3066 naohus,
376 3007 436 3073 pro
451 3009 515 3072 quo
528 2989 631 3055 habet
645 2995 841 3068 conventus,
859 3010 958 3077 super
970 2996 1079 3058 terras
1094 2992 1133 3057 de
1153 2992 1264 3058 Hurre

224 3105 285 3169 viii
301 3123 328 3168 s
356 3107 398 3180 t,
416 3105 465 3168 xii
483 3104 515 3170 d.
535 3103 730 3170 elemosina.

255 3219 322 3265 Istud
336 3218 536 3265 anniversarium
554 3222 708 3278 computatur
721 3217 749 3266 in
762 3220 887 3266 Decembri
901 3221 960 3280 quia
972 3226 1030 3268 tunc
1042 3222 1162 3270 debentur
1178 3217 1264 3282 pensio

226 3319 301 3367 super
311 3310 386 3354 terras
404 3307 433 3354 de
444 3307 530 3354 Hurre.

269 3399 300 3460 7.
320 3396 443 3461 -VII
461 3395 526 3461 Yd.
544 3434 588 3443 -
601 3396 691 3464 Obiit
704 3398 839 3478 Petrus,
860 3379 1053 3479 canonieus,
1070 3401 1111 3466 de
1123 3402 1265 3469 Sancto-

226 3509 297 3586 Clo,
326 3530 387 3595 pno
408 3530 473 3594 quo
496 3511 597 3576 habet
617 3515 813 3586 conventus,
831 3534 930 3601 super
947 3516 1081 3580 niueam
1108 3516 1263 3582 elemosi-

225 3624 314 3688 narii
329 3624 371 3688 de
385 3624 627 3702 Bello-Monte,
644 3647 665 3690 v
679 3646 705 3690 S.
726 3648 773 3713 p.,
788 3628 867 3694 vid.
887 3629 1081 3709 elemosina,
1098 3631 1131 3696 vi
1145 3631 1177 3696 d.
1188 3632 1264 3718 pul·
1307 3685 1308 3688 ,

225 3742 365 3802 satores.

256 3850 459 3898 Elemosinarius.

265 3939 298 4003 8.
315 3978 359 3987 -
376 3941 422 4005 VI
446 3941 560 4028 Y.d···
575 3942 665 4010 Obiit
681 3945 774 4024 Milo,
793 3949 987 4026 canonieus,
1006 3970 1066 4035 pro
1083 3970 1146 4036 quo
1160 3951 1262 4018 habet
1348 3975 1352 3990 ·

224 4059 422 4134 conventus,
446 4061 690 4149 superterram
712 4081 773 4150 que
791 4065 953 4162 est-retro
975 4065 1200 4162 molendinum
1221 4068 1261 4142 de
