3160 5016
669 588 897 657 --259-v

294 739 337 808 nt
350 727 430 806 adce
447 759 511 827 que
524 737 647 825 yceulx
659 737 795 805 traictie
806 739 848 804 'et
866 733 986 804 accord
1004 739 1038 802 et
1057 713 1291 801 convenences

250 876 292 942 cy
314 853 468 922 dessusd.
491 855 603 941 etqui
632 854 747 941 plusa
774 854 866 941 plain
891 857 1008 920 serent
1036 851 1206 946 speciliees
1232 871 1295 940 par

249 968 368 1034 lettres
383 968 440 1054 qui
460 965 500 1032 de
526 985 562 1034 ce
593 971 709 1034 serunt
729 965 863 1049 faictes,
886 969 1009 1054 soyent
1029 969 1064 1032 et
1082 964 1295 1034 demorente

249 1083 422 1170 tousjours
438 1081 560 1150 fermes
571 1086 605 1150 el
617 1082 777 1162 estables,
793 1102 873 1150 sans
884 1081 1079 1150 enfraindre
1091 1101 1134 1150 ou
1149 1101 1295 1149 corrom-
1321 1110 1341 1124 *-

232 1218 311 1284 pre
339 1218 380 1264 en
406 1219 534 1266 aucune
562 1199 713 1266 maniere
740 1219 803 1287 par
825 1219 910 1266 nous
931 1219 972 1266 ou
991 1217 1100 1265 aucun
1127 1196 1168 1264 de
1193 1218 1291 1276 nous,

253 1335 353 1393 nous,
372 1314 474 1382 ebbez
489 1319 524 1383 et
544 1336 689 1383 couneus
708 1315 826 1382 dessus
841 1335 1003 1394 nommez,
1021 1333 1125 1382 avons
1134 1314 1213 1402 jure
1227 1333 1295 1381 eux

251 1434 344 1498 sains
374 1432 581 1519 eruangilles
607 1432 647 1500 de
676 1434 759 1499 Dieu
784 1437 819 1500 et
846 1433 939 1500 soulz
979 1432 1011 1498 le
1033 1452 1097 1500 reu
1127 1430 1168 1498 de
1197 1436 1295 1499 notre

250 1549 393 1638 religion
410 1554 445 1616 et
461 1547 478 1614 a
493 1549 592 1636 paine
606 1548 646 1616 de
662 1549 753 1615 mille
770 1549 873 1617 liures
890 1549 1014 1636 parisis
1029 1553 1050 1615 al
1075 1548 1250 1635 appliquer
1262 1547 1296 1614 la

251 1661 368 1732 muitie
388 1685 431 1731 au
448 1685 512 1752 roy
533 1670 628 1732 nolre
651 1667 718 1732 sire
739 1672 774 1734 et
791 1666 825 1732 le
841 1667 995 1733 moiliee
1020 1665 1132 1753 partie
1149 1662 1293 1744 blessee,

251 1786 326 1850 tout
350 1801 386 1848 ce
413 1783 469 1868 qui
493 1781 544 1849 dit
572 1787 625 1850 est
652 1781 710 1849 des
731 1783 945 1850 maintenant
970 1781 1181 1869 atousjours
1205 1781 1297 1848 tenir

253 1898 360 1965 ferme
395 1903 429 1965 et
465 1899 559 1966 avoir
589 1899 760 1986 agreable,
795 1919 875 1966 sans
906 1899 1133 1966 contrerenir.
1167 1897 1295 1984 quuel

251 2015 392 2082 lraictie
420 2013 561 2095 faisant,
582 2016 710 2083 estions
734 2018 872 2103 presens
887 2035 985 2094 nous,
1007 2013 1193 2093 Guichard,
1210 2012 1294 2081 abbe

254 2131 295 2198 de
311 2130 636 2210 saincte-colomba
652 2137 687 2200 et
700 2131 839 2211 Olivier,
852 2131 936 2197 abbe
948 2131 988 2196 de
1003 2129 1296 2198 Sainct-Pere-le·

253 2247 315 2315 Vif
334 2247 503 2326 dcssusd.,
532 2248 621 2316 frere
642 2248 719 2336 Guy
735 2249 901 2327 Boucher,
928 2249 1043 2335 prieur
1066 2247 1111 2314 du
1140 2247 1291 2328 cloislre‚

254 2363 345 2431 frere
372 2365 534 2432 Estienne
561 2364 601 2431 de
627 2365 856 2446 Samot-Pres,
879 2365 1051 2432 enfirmier
1066 2368 1099 2432 et
1116 2365 1231 2450 prieur
1256 2362 1297 2429 de

253 2480 358 2561 Gran,
385 2479 473 2546 frere
491 2481 652 2550 Estienne
668 2481 699 2548 le
716 2482 873 2560 Lorrain,
901 2483 1054 2561 celarier,
1072 2480 1163 2547 frere
1178 2480 1297 2547 Nicole

253 2597 450 2676 Chaumarl,
479 2599 678 2677 tresourier,
709 2597 798 2666 frere
827 2598 1118 2676 JehanToiselou,
1139 2597 1293 2676 chanlre,

253 2719 329 2780 tous
345 2712 510 2801 religieux
525 2713 564 2780 de
577 2715 644 2781 lad.
662 2715 767 2804 eglise
779 2715 819 2781 de
832 2714 1152 2793 saincte-Colombe,
1165 2718 1199 2782 et
1208 2712 1298 2780 frere

253 2828 442 2896 Guillaume
466 2829 507 2896 de
535 2831 636 2917 Brey,
665 2833 780 2918 prieur
805 2830 845 2898 de
868 2832 918 2899 La
942 2832 1114 2918 Chapelle,
1149 2829 1297 2897 membre

254 2943 383 3012 d’icelle
399 2947 520 3034 eglise,
544 2953 579 3014 et
598 2946 688 3013 frere
709 2947 899 3014 Guillaume
913 2939 956 3013 le⁴
970 2949 1105 3031 Pointu,
1123 2947 1239 3034 prieur
1254 2945 1297 3011 du

254 3063 403 3143 cloislre,
420 3063 509 3130 frere
524 3064 632 3130 Jehan
648 3065 679 3130 le
691 3065 845 3143 Maistre,
868 3065 981 3152 prieur
997 3065 1037 3130 de
1054 3065 1173 3150 Ricey,
1191 3083 1298 3128 mern-

254 3182 313 3248 bre
339 3180 469 3247 d'icelle
487 3181 604 3269 eglise,
625 3179 713 3248 frere
729 3182 847 3247 Pierre
864 3182 983 3259 Pouet,
1006 3180 1189 3259 enfirmier,
1209 3177 1299 3245 frere

254 3297 445 3365 Guillaume
476 3296 665 3385 Dableiges,
682 3298 886 3377 ausmonier,
902 3302 936 3364 et
965 3296 1055 3364 frere
1069 3295 1229 3364 'lhibault
1254 3293 1298 3360 du

257 3415 359 3501 BoyS,
377 3415 526 3500 preveat,
545 3419 622 3480 tous
639 3414 806 3501 religieux
832 3412 961 3480 d'icelle
980 3413 1086 3501 eglise
1111 3411 1151 3478 de
1171 3411 1300 3479 Saiuct·

257 3532 354 3597 Pere.

301 3648 352 3713 En
364 3648 516 3735 temoing
526 3646 565 3713 de
583 3668 633 3722 ce,
652 3667 750 3726 nous,
767 3646 869 3713 abbez
883 3652 917 3714 et
932 3647 1064 3734 prieurs
1075 3644 1133 3712 des
1149 3644 1298 3729 abbayes

257 3762 427 3843 dessusd,
459 3763 502 3829 du
539 3768 793 3831 consentement
823 3762 881 3828 des
920 3763 1086 3851 religieux
1119 3761 1299 3849 cy-dessus

257 3899 421 3959 nommeZ,
442 3879 668 3968 avons'signe
688 3900 724 3946 ce
750 3882 887 3967 present
908 3879 1056 3962 traictie,
1085 3877 1116 3944 le
1147 3877 1229 3944 xxvi
1253 3874 1298 3964 ‚de

259 3991 384 4060 levrier
397 3995 459 4060 iiiic
479 3995 540 4061 liii.

326 4217 380 4286 Sic
401 4221 571 4308 signatum
593 4241 601 4289 :
