3164 5016
677 515 855 582 ...73-

246 662 355 732 sancti
366 657 507 728 Martini
525 659 730 726 Turonensis
744 657 997 747 archiepiscopi.
1018 655 1122 726 Retro
1145 654 1280 724 cancel-

246 777 315 845 lum
329 781 382 845 est
401 777 510 846 altare
524 777 560 844 in
575 777 702 844 honore
718 777 910 843 sanctornm
923 776 1113 860 martyrum
1134 772 1283 842 serotini

246 897 282 962 et
292 893 465 961 Vincencii
476 897 511 961 et
523 896 716 960 sanctorum
730 895 920 977 martyrum
944 889 1067 956 Felicis
1080 887 1277 963 etAnberti.

245 1009 298 1076 Ad
317 1008 474 1078 dextram
489 1007 632 1095 predicti
647 1008 766 1075 altaris
782 1012 835 1074 est
850 1006 959 1074 altare
973 1007 1008 1072 in
1020 1005 1147 1072 honore
1167 1004 1282 1072 beato·

246 1145 320 1193 rum
335 1125 563 1212 apostolorum
577 1125 714 1202 Thome,
731 1124 889 1210 Philippi,
912 1121 1038 1205 Jacobi,
1065 1123 1146 1188 item
1166 1118 1283 1214 ¹Jacobi

2 1315 7 1350 μ
109 1258 111 1263 ’
248 1246 283 1310 et
298 1243 408 1308 sancti
421 1240 558 1319 Thome,
578 1240 725 1328 episcopi
737 1243 771 1307 et
788 1239 962 1326 martyris.
980 1237 1032 1304 Ad
1046 1237 1156 1304 levam
1169 1239 1222 1303 est
1237 1235 1285 1302 al·

245 1362 321 1426 tare
337 1358 373 1425 in
393 1357 520 1424 honore
535 1359 727 1424 sanctorum
748 1355 1080 1442 iohannis-Baptiste
1106 1357 1141 1421 et
1160 1353 1285 1420 Johan-

246 1474 300 1540 nis
326 1473 470 1561 apostoli
500 1476 534 1540 et
560 1456 791 1560 eovangeliste
814 1475 849 1538 et
878 1475 1070 1538 sanctorum
1094 1471 1284 1554 martyrum

246 1590 414 1668 Maurici,
441 1589 606 1676 Dyonisii,
635 1588 787 1663 Fabiani,
815 1587 1003 1655 Sebastiani
1030 1591 1065 1655 et
1088 1585 1282 1653 Clementis.

247 1706 300 1773 Ad
314 1706 469 1774 dextram
482 1707 517 1771 in
530 1724 629 1772 cruce
649 1703 846 1770 monasterii
865 1707 919 1771 est
931 1703 1041 1773 altare
1062 1723 1152 1769 nunc
1168 1703 1332 1774 inho-10

247 1843 330 1890 nore
352 1821 450 1890 beate
476 1821 585 1888 Mario
599 1819 762 1907 virginis,
778 1817 870 1886 beati
885 1818 1019 1886 Andree
1038 1819 1192 1906 apostoli,
1223 1803 1301 1886 sed

247 1941 341 2027 prius
360 1939 425 2007 fnit
440 1939 476 2004 in
492 1938 619 2006 honore
632 1937 741 2004 sancti
754 1937 994 2012 Bartholomei,
1011 1938 1120 2004 sancti
1139 1937 1281 2016 Mathei,

248 2056 358 2124 sancti
384 2031 575 2132 Laurencii,
610 2058 803 2121 sanctarum
830 2053 964 2132 Cecilie,
985 2054 1100 2133 Lucio,
1125 2055 1280 2143 Agnetis,

246 2171 393 2260 Agathe,
412 2175 446 2239 et
469 2175 663 2238 sanctornm
680 2169 910 2236 confessorum
927 2171 1025 2257 Lupi,
1041 2169 1200 2238 Germani
1218 2173 1286 2241 An·

246 2287 499 2357 tissiodorensis
522 2291 556 2354 et
577 2287 745 2374 Nicholay
773 2291 808 2354 et
836 2290 1029 2354 sanctorum
1055 2287 1283 2375 apostolorum

247 2406 404 2493 Symonis
419 2409 454 2473 et
482 2404 578 2472 Jude.
606 2403 659 2471 Ad
684 2405 793 2472 levam
814 2403 880 2474 snit
904 2403 1013 2472 altare
1036 2403 1126 2473 beati
1150 2405 1285 2474 Andree

248 2521 406 2609 apostoli,
423 2519 480 2587 sed
496 2540 585 2587 nnnc
600 2523 734 2587 nonest
750 2520 868 2605 altare,
887 2521 989 2588 immo
1002 2524 1101 2608 porta
1113 2520 1153 2588 de
1172 2541 1285 2590 mona·

137 2667 141 2675 ·
251 2639 354 2706 sterio
367 2636 411 2703 ad
428 2636 624 2704 claustrum.
654 2637 694 2702 ln
712 2637 855 2703 introitu
878 2635 972 2702 chori
996 2641 1049 2706 est
1071 2637 1179 2706 altare
1195 2637 1286 2708 beati

227 2769 230 2774 ’
249 2755 491 2821 Bartholomei.
514 2752 567 2820 Ad
583 2753 692 2821 levam
709 2752 861 2819 crucifixi
878 2757 930 2821 est
949 2754 1057 2821 altare
1075 2758 1191 2825 sancte
1206 2755 1286 2823 (iru-

250 2872 310 2950 cis,
328 2873 520 2937 sanctorum
533 2867 761 2936 confessorum
773 2867 930 2948 Ebbonis,
945 2869 1103 2948 Ursicini,
1117 2869 1286 2938 Ambrosii
1296 2888 1334 2950 20

249 2992 284 3055 et
296 2987 436 3074 Agricii.
452 2985 504 3053 Ad
518 2986 672 3053 dextram
685 2989 737 3052 est
755 2985 864 3053 altare
880 2987 990 3053 sancti
1006 2985 1182 3054 Michaelis
1197 2986 1285 3074 quod

249 3105 342 3192 prius
357 3103 423 3171 init
434 3102 470 3168 in
485 3102 572 3169 turri
592 3106 626 3169 et
643 3105 758 3169 sancte
772 3102 880 3168 Mario
897 3100 1109 3189 Magdalene.

294 3357 338 3404 DE
360 3355 529 3414 RELIQUIIS
553 3354 719 3406 ΔΒΔΝΟΤΟ
739 3355 857 3405 ramos
884 3357 951 3408 PER
976 3356 1121 3407 duriores
1144 3358 1249 3410 arms.

408 3472 452 3520 ET
476 3458 604 3522 adrodit
628 3471 894 3521 runonncfflnms
915 3473 1123 3522 morarius

295 3688 335 3753 In
351 3687 466 3755 diebus
481 3687 560 3767 illis,
577 3688 717 3776 regebat
728 3688 840 3758 sedem
853 3691 1070 3778 apostolicam
1085 3692 1139 3759 vir
1151 3693 1221 3761 rite
1235 3714 1289 3760 ve·

252 3802 425 3882 nerabilis,
441 3809 579 3873 sanctus
592 3805 689 3870 Felix
705 3825 803 3893 papa.
822 3807 919 3876 Misit
927 3812 1038 3876 autem
1056 3812 1175 3876 sancta
1185 3809 1289 3877 Theo·

252 3917 414 3986 dechildis
433 3922 575 3988 nuncios
586 3941 661 3987 cum
677 3922 800 4008 legatis
818 3921 936 3991 fratris
959 3924 1011 3990 sni
1027 3923 1179 4003 Cloterii,
1197 3927 1288 4012 regis

251 4034 474 4103 illustrissimi
490 4037 710 4117 Francorum,
722 4038 765 4105 ad
780 4038 965 4126 predictum
976 4022 1129 4108 sanctum
1143 4041 1287 4107 Felicem

251 4171 312 4239 pro
329 4152 482 4238 reliqniis
497 4155 726 4243 apostolorum
744 4159 779 4223 et
797 4159 990 4242 martyrum
1003 4157 1205 4244 optinendis.
1223 4158 1289 4225 (iu-
