3164 5016
756 551 954 618 -116-

341 697 498 763 veritatis
522 694 625 764 vadat
654 694 695 762 ad
715 695 835 775 celum,
864 694 951 762 dixit
981 689 1259 780 spiculatoribus:
1287 688 1373 756 Fre-

341 818 413 881 tres
432 813 510 891 mei,
526 811 672 880 recedite
686 812 857 900 paululum
871 831 891 877 a
912 830 976 889 me,
991 814 1029 877 ut
1042 828 1133 875 orem
1147 827 1207 896 pro
1222 805 1315 874 vobis
1330 802 1372 869 ad

271 937 273 942 '
343 930 532 996 Dominum.
554 930 600 996 At
614 930 662 994 illi
688 929 850 995 dederunt
866 927 1024 1015 spacium.
1049 927 1141 991 Tunc
1155 923 1292 991 flectens
1313 941 1372 1008 ge-

341 1067 408 1111 nua
429 1047 464 1110 in
489 1050 580 1112 terra
600 1050 718 1114 eontra
737 1046 912 1122 orientem,
929 1044 1040 1110 oravit
1066 1042 1179 1109 dicens
1194 1061 1202 1105 :
1219 1040 1368 1120 Domine,

341 1159 429 1223 Deus
444 1159 668 1244 omnipotens,
690 1158 746 1243 qni
771 1157 923 1223 liberasti
939 1175 991 1221 me
1009 1155 1050 1221 ab
1070 1154 1247 1241 ydolorum
1266 1151 1370 1228 cultu,

341 1275 397 1360 qni
415 1273 572 1340 tenebras
598 1277 632 1339 et
658 1272 770 1338 lumen
794 1271 917 1351 iecisti,
948 1257 1005 1358 qui
1024 1270 1192 1338 diabolum
1211 1270 1247 1334 in
1266 1266 1372 1333 infer-

341 1409 419 1454 num
443 1389 630 1455 humiliasti
644 1393 679 1456 et
690 1388 894 1475 subposuisti
909 1388 1087 1454 draconem
1103 1405 1261 1473 magnum
1281 1382 1373 1450 anti-

341 1525 453 1592 quum,
472 1525 560 1571 nunc
571 1503 693 1570 exaudi
710 1503 883 1591 indignam
895 1503 1051 1570 ancillam
1067 1507 1174 1570 tuam.
1196 1500 1230 1568 Si
1252 1500 1325 1586 quis
1338 1499 1372 1563 in

341 1619 468 1686 honore
485 1624 543 1687 tuo
559 1621 641 1688 etin
656 1621 788 1686 nomine
803 1641 875 1687 meo
887 1620 995 1688 altare
1010 1619 1268 1697 consecraverit,
1279 1621 1314 1686 et
1327 1615 1373 1682 ibi

295 1737 489 1810 liberaverit
500 1755 543 1802 ex
557 1739 630 1804 toto
650 1735 749 1818 corde
761 1757 834 1816 suo,
845 1736 1004 1824 quidquid
1020 1737 1159 1824 pecierit
1170 1735 1214 1803 da
1228 1735 1259 1801 ei
1271 1735 1369 1802 Deus.

340 1851 459 1939 Siquis
474 1852 510 1918 in
521 1851 648 1940 judicio
659 1851 760 1922 luerit
770 1855 823 1921 vel
838 1855 994 1940 spiritum
1008 1854 1193 1942 malignum
1202 1850 1370 1944 habuerit,

341 1973 401 2035 aut
423 1969 528 2036 variis
542 1970 789 2056 egritudinibus
812 1969 1067 2056 periclitaverit,
1090 1969 1202 2037 autin
1225 1965 1372 2054 periculo

341 2085 444 2152 maris
465 2086 575 2152 autin
591 2087 764 2154 anxietate
779 2086 849 2152 sive
867 2087 902 2152 in
924 2087 1159 2175 persecucionc
1177 2084 1372 2171 populorum

341 2198 445 2268 fuerit
461 2206 495 2269 et
515 2221 635 2270 nomen
654 2206 748 2269 tuum
766 2202 868 2269 altari
882 2221 956 2268 meo
973 2202 1192 2279 invocaverit,
1214 2200 1371 2287 adimple,

340 2316 491 2393 Domine,
512 2316 709 2403 peticionem
734 2317 806 2404 ejus
830 2320 864 2383 et
885 2317 1069 2404 peticiones
1093 2316 1227 2382 illorum
1251 2313 1373 2382 exaudi

341 2433 397 2518 qui
412 2437 446 2499 te
460 2452 519 2519 per
531 2452 583 2498 me
595 2434 778 2500 oraverint.
798 2433 936 2498 Domine
952 2433 1051 2512 Deus,
1067 2433 1123 2519 qui
1142 2433 1251 2520 operis
1267 2432 1372 2498 celum

339 2548 482 2615 nubibus
494 2553 529 2616 et
544 2568 644 2636 paras
665 2554 756 2616 terre
771 2547 913 2635 pluvias,
935 2549 990 2634 qui
1008 2549 1189 2616 extraxisti
1202 2548 1371 2616 Danielem

339 2664 381 2732 de
395 2665 469 2732 lacu
486 2665 631 2744 leonum,
647 2667 702 2752 qui
714 2663 883 2732 exaudisti
906 2668 1057 2733 sanctam
1068 2665 1201 2731 ‘leolam
1213 2665 1248 2730 in
1263 2663 1372 2731 tribus

338 2783 529 2862 tormentis,
548 2782 672 2850 exaudi
700 2801 769 2860 me,
802 2781 958 2848 ancillam
987 2785 1093 2862 tuam,
1112 2787 1150 2850 ut
1177 2780 1372 2870 omnesqui

290 2908 329 2971 20
339 2897 571 2967 invocaverint
598 2918 718 2965 nomen
735 2919 844 2965 meum
864 2903 899 2967 et
918 2898 1162 2967 celebraverint
1178 2901 1371 2966 memoriam

340 3034 448 3081 meam
463 3036 523 3102 pro
536 3036 650 3084 amore
665 3020 724 3084 tuo
742 3021 776 3084 et
792 3018 827 3082 in
844 3016 898 3084 die
915 3019 1058 3086 Veneris
1068 3017 1324 3106 jujuniaverint,
1338 3021 1373 3084 et

341 3130 540 3198 elemosinas
554 3133 755 3221 pauperibus
776 3136 990 3222 erogaverint
1008 3138 1203 3224 propterte,
1221 3134 1370 3210 Domine,

344 3251 378 3314 et
391 3252 527 3335 propter
539 3268 591 3314 me
607 3250 684 3334 quia
698 3249 733 3315 in
747 3250 820 3336 ipso
833 3249 886 3316 die
899 3271 959 3316 nos
974 3250 1158 3330 redemisti,
1173 3255 1208 3318 et
1222 3249 1373 3316 liberasti

341 3383 402 3429 nos
418 3383 438 3428 a
451 3368 618 3450 potestate
631 3364 766 3444 diaboli,
784 3367 939 3453 latusque
952 3372 1047 3435 tuum
1064 3368 1195 3454 aperuit
1208 3367 1326 3432 lancea
1341 3369 1375 3432 et

341 3498 459 3566 passus
473 3500 509 3544 es
523 3500 583 3565 pro
598 3480 840 3566 peccatoribus,
857 3482 1013 3550 Salvator
1026 3483 1153 3561 mundi,
1171 3483 1227 3569 qui
1241 3482 1327 3548 vivis
1339 3486 1373 3549 et

342 3616 474 3683 regnas,
493 3597 593 3675 Deus,
608 3616 668 3683 per
687 3598 798 3663 omnia
810 3599 922 3664 secula
941 3599 1139 3677 seculorum,
1157 3617 1266 3663 amen.
1285 3598 1373 3662 Deus

342 3733 408 3779 non
432 3733 484 3778 me
508 3712 742 3799 derelinquas.¹
759 3714 880 3781 Omnes
904 3716 960 3802 qui
986 3715 1229 3782 celebraverint
1250 3733 1374 3780 memo-

340 3829 426 3896 riam
442 3849 561 3908 meam,
579 3831 683 3896 insita
695 3851 764 3910 eos,
782 3832 932 3912 Domine,
947 3837 984 3900 nt
1000 3853 1042 3899 ne
1057 3831 1196 3920 grando,
1217 3830 1371 3909 bruccus,

342 3944 471 4012 locusta
491 3966 552 4013 nec
572 3947 639 4014 alia
661 3946 823 4034 pestifera
841 3949 931 4015 mala
949 3937 1208 4035 veniantsuper
1232 3969 1289 4016 eos
1313 3965 1374 4016 nec

294 4061 443 4148 30snper
462 4062 594 4144 labores
605 4082 732 4143 eornm,
750 4063 808 4162 sed
820 4064 1050 4132 misericordia
1062 4070 1122 4133 tua
1136 4065 1234 4154 larga
1247 4064 1374 4132 habun-

344 4176 463 4244 dancia
477 4179 599 4264 horrea
614 4185 648 4265 et
662 4181 892 4268 promptuaria
912 4201 1027 4250 eorum
1050 4183 1264 4271 impleantur,
1283 4185 1323 4251 nt
1333 4181 1374 4247 de
