3160 5016
704 562 903 630 -278-

284 705 433 774 hostium
463 705 566 774 etiam
610 710 819 774 armatorum
852 705 986 776 infinita
1020 707 1247 790 multitudiue,
1283 727 1323 776 ac

284 842 482 912 guerrarum
508 823 670 911 uoragine
691 823 895 911 inpartibus
915 805 1042 891 nostris
1063 845 1123 915 per
1138 824 1245 892 multa
1261 845 1325 890 an·

285 960 403 1010 norum
439 939 607 1007 curricula
641 938 863 1018 ferventibus,
893 940 1035 1028 aliisque
1070 940 1323 1028 quamplurimis

285 1054 595 1149 supervenientibus
611 1057 765 1143 dampnis
778 1060 813 1124 ot
831 1057 1062 1136 incommodis,
1082 1058 1254 1144 hucusque
1265 1077 1322 1123 re·

284 1177 482 1244 manserunt
501 1177 535 1242 et
557 1177 734 1240 remanent
753 1171 919 1248 desolata,
938 1173 1107 1240 ueteribus
1130 1175 1238 1241 ruinis
1261 1173 1322 1240 de·

285 1292 452 1371 formatis,
476 1311 537 1357 nec
557 1290 599 1358 ad
619 1310 734 1358 eorum
756 1291 1044 1358 restauracionem
1071 1296 1106 1360 et
1130 1293 1323 1380 reparacio-

284 1431 360 1478 nem
387 1412 568 1498 suppetunt
600 1406 791 1490 facultates
831 1407 898 1473 nisi
927 1408 992 1494 piis
1024 1407 1152 1476 Christi
1176 1407 1323 1476 fidelium

285 1525 477 1596 elemosinis
497 1523 725 1592 subleventur.
747 1523 793 1592 Ut
806 1525 911 1612 igitur
927 1525 968 1591 ad
985 1523 1272 1593 reedificacionem
1290 1530 1324 1593 et

286 1641 591 1710 substentationem
611 1639 802 1707 eorumdem
826 1645 1019 1708 nostrorum
1041 1643 1323 1709 monasteriorum

284 1759 400 1828 fideles
415 1757 573 1827 catholici
581 1755 621 1823 ad
640 1756 699 1823 Dei
717 1758 826 1824 nostri
844 1757 1013 1836 timorem,
1032 1758 1323 1846 predictorumque

286 1881 479 1945 sanctorum
496 1875 657 1942 honorem
677 1878 712 1942 et
727 1874 872 1954 laudem,
892 1895 931 1941 ac
947 1874 1025 1941 fidei
1049 1879 1165 1944 nostre
1183 1876 1326 1944 instruc·

284 1996 410 2064 tionem
439 1994 593 2062 devotius
616 1993 817 2076 excitentur,
839 1995 954 2059 notum
973 1990 1115 2058 facimus
1136 1992 1224 2078 quod
1248 2013 1321 2072 uos,

285 2112 419 2178 nomine
448 2110 558 2178 nostri
583 2113 617 2176 et
640 2106 806 2176 dictorum
827 2113 1020 2176 nostrorum
1041 2110 1324 2177 monasteriorum

285 2227 488 2307 nominibus,
522 2225 663 2294 dilectos
690 2229 724 2293 et
753 2224 869 2292 fideles
907 2225 1084 2313 religiosos
1112 2230 1247 2293 nostros
1287 2246 1327 2293 ac

285 2345 501 2436 presbiteros,
519 2342 644 2410 fratres
666 2342 871 2430 Stephanum
889 2342 920 2407 le
933 2341 1091 2420 Coruain,
1112 2341 1323 2421 odorariam,

287 2463 492 2551 Stephanum
513 2459 698 2547 Daphiane‚
718 2461 976 2538 tresaurarium‚
991 2460 1177 2526 Johannem
1202 2459 1324 2525 Bulton

286 2580 326 2648 de
342 2578 531 2656 Sermonis,
551 2576 733 2643 Robertum
755 2576 881 2643 Drouet
894 2574 934 2641 de
952 2574 1101 2654 (ircano,
1124 2574 1324 2640 Guiilemum

287 2697 318 2763 le
335 2694 491 2773 Gorvain,
514 2691 702 2759 Johannem
723 2693 843 2770 Bossu,
871 2689 1056 2758 (luidonem
1086 2691 1223 2769 Drouet,
1248 2690 1325 2757 the-

287 2813 487 2896 saurarium,
504 2809 731 2878 Theobaldum
747 2809 791 2875 du
807 2810 898 2894 Boys
912 2809 1131 2896 prepositum,
1154 2807 1324 2874 Andream

193 2957 195 2962 ·
287 2929 446 3007 Guillate,
473 2926 708 3003 infirmarium,
732 2924 937 2992 Ludcvicum
962 2926 1115 3013 Dorigny
1135 2924 1175 2991 de
1195 2926 1321 3004 Dicmo,

286 3043 501 3112 Guillelmum
524 3043 690 3130 Chignart
705 3041 745 3108 de
762 3042 929 3118 Predone,
954 3043 1128 3110 Matheum
1148 3041 1270 3109 Guiart
1283 3042 1323 3108 de

287 3159 497 3243 Andrisiaoo‚
509 3159 710 3225 Balduinum
723 3157 880 3237 (toruior,
892 3162 1077 3236 cantorem,
1088 3162 1324 3245 procuratores

289 3282 323 3346 et
347 3275 525 3345 officiarios
553 3274 719 3343 dictorum
754 3279 947 3342 nostrorum
973 3274 1252 3342 monasteriorum
1285 3295 1324 3341 ac

289 3392 512 3459 membrorum
528 3391 569 3458 ab
586 3392 635 3458 eis
655 3391 947 3478 deppendentium,
966 3411 1094 3458 necnon
1108 3390 1268 3459 honestos
1290 3397 1324 3458 et

290 3509 569 3588 discretosuiros‚
586 3507 774 3575 Johannem
791 3509 997 3586 Doisemont,
1014 3507 1181 3574 temetum
1202 3505 1246 3572 du
1266 3509 1324 3573 Bi-

282 3645 389 3714 ¹gnon,
408 3627 546 3693 Petrum
562 3625 733 3709 Maqua'rt,
756 3625 944 3691 Johannem
965 3625 1092 3691 Robert
1114 3628 1149 3690 et
1165 3624 1183 3688 J
1187 3623 1325 3691 acobum

287 3743 401 3830 Liger,
425 3742 578 3820 clericos,
604 3740 731 3808 latores
752 3744 786 3807 et
806 3740 1014 3807 exhibitores
1040 3739 1259 3828 presentium,
1283 3736 1324 3803 de

287 3878 428 3946 quorum
445 3857 625 3936 industria,
640 3855 824 3946 prudencia
842 3861 875 3924 et
894 3855 984 3921 fideli
1004 3855 1172 3943 probitate
1191 3854 1324 3943 plenam

288 3977 436 4066 gerimus
449 3974 618 4052 fiduciam,
639 3979 774 4042 nostros
790 3951 825 4041 et
851 3972 1016 4039 dictorum
1040 3978 1229 4038 nostrorum
1251 3993 1323 4038 mo-

287 4093 515 4161 nasteriorum
532 4090 731 4170 creavimus,
752 4090 900 4168 fecimus,
921 4091 1168 4169 constituimus,
1186 4087 1325 4155 ordina-

289 4210 399 4296 vimus
421 4229 461 4276 ac
475 4226 535 4319 per
549 4212 724 4306 presentes
738 4226 903 4302 creamus,
919 4205 1071 4298 facimus,
1089 4205 1325 4286 constituimus
