3164 5016
650 528 828 595 ..63-

352 804 396 852 nn
417 789 586 861 nuniouns
610 803 729 853 ssucm
747 803 894 851 nlurrru
914 805 1125 855 runonnnsrs

262 1019 405 1085 Sanctus
420 1018 600 1096 Martinus,
627 1018 832 1083 Turonensis
845 1017 1127 1105 archiepiscopus,
1152 1019 1259 1105 primo

219 1134 315 1228 miles
330 1155 370 1200 ao
383 1134 502 1201 deinde
512 1133 695 1200 monachus
704 1131 771 1201 fuit
783 1156 791 1213 ;
804 1133 856 1227 cuj
862 1153 900 1198 us
915 1135 986 1200 vita
996 1135 1104 1201 tantis
1118 1135 1260 1200 miracu·

219 1251 262 1315 lis
287 1250 435 1336 gloriosa
456 1253 494 1317 ut
508 1251 611 1318 trium
636 1253 845 1316 mortuorum
871 1249 906 1314 in
926 1250 1062 1315 nornine
1081 1250 1260 1318 Trinitatis

221 1384 294 1430 esse
311 1366 473 1435 meruerit
494 1366 688 1432 suscitator.
706 1364 787 1431 Cum
804 1363 965 1450 predictis
985 1365 1137 1450 reliquiis
1153 1367 1262 1433 sancti

220 1479 375 1566 Gregorii
390 1481 526 1548 invente
539 1477 688 1560 fuerunt,
700 1478 838 1565 reliquie
853 1478 894 1544 de
908 1477 1025 1567 digitis
1035 1480 1142 1567 ipsius
1153 1481 1263 1548 sancti

222 1594 377 1662 Martini.

224 1846 269 1894 DE
293 1845 448 1894 OORPORE
474 1844 594 1893 SANGTI
614 1837 769 1902 EBBONIS,
790 1843 1045 1894 enonmrlsoom
1061 1845 1265 1898 smmnsls

271 2056 490 2144 Temporibus
510 2056 692 2145 Dagoberti
702 2055 861 2142 junioris,
886 2059 1024 2123 sanctus
1038 2057 1143 2137 Ebbo,
1159 2058 1265 2125 Seno·
1281 2105 1317 2169 10

226 2175 342 2240 nensis
368 2174 651 2262 archiepiscopus,
677 2173 850 2239 miraculis
864 2177 898 2240 et
925 2173 1102 2241 nobilitate
1128 2175 1264 2243 claruit.

226 2291 342 2356 Primo
362 2310 473 2357 comes
491 2290 570 2377 jure
593 2288 801 2356 hereditario
817 2290 922 2358 castri
948 2288 1216 2378 Tornodorensis
1234 2296 1269 2360 et

227 2411 304 2493 post
320 2405 382 2472 hec
395 2406 496 2493 hujus
510 2405 710 2472 monasterii
734 2403 849 2471 Sancti
862 2404 956 2472 Petri
973 2405 1052 2472 vivi
1069 2407 1266 2487 monachus,

130 2535 131 2540 ’
228 2526 263 2589 ot
289 2519 502 2607 postmodum
527 2520 631 2590 abbas
663 2519 842 2587 laudabilis
867 2519 944 2588 luit.
977 2522 1101 2590 Postea
1124 2521 1269 2590 obeunte

229 2637 350 2704 domno
385 2638 509 2704 Gerico
537 2636 702 2704 avunculo
720 2656 791 2716 suo,
810 2637 995 2703 Senonensi
1019 2637 1271 2724 archiepiscopo

229 2752 318 2819 idem
350 2757 488 2819 sanctus
508 2750 601 2817 Ebbo
627 2751 837 2844 archipresul
858 2757 910 2819 est
930 2749 1081 2820 effectus.
1111 2750 1272 2817 Precibus

230 2868 335 2954 ipsius
364 2867 484 2935 civitas
516 2865 684 2932 Senonum
714 2865 937 2932 aWandalis
961 2867 1086 2934 extixit
1113 2866 1269 2945 liberata,

231 2983 342 3068 quiin
369 2981 489 3047 Galliis
510 2980 682 3060 ecclesias,
709 2981 929 3060 monasteria,
954 2982 1121 3063 civitates,
1143 2986 1269 3061 castra,

231 3097 331 3164 villas
356 3101 390 3163 et
414 3097 538 3163 multos
556 3096 714 3163 homines
738 3097 992 3164 destruxerunt.
1016 3098 1100 3164 Post
1122 3096 1196 3172 hec,
1218 3098 1273 3164 uir

233 3215 293 3281 Dei
315 3214 378 3280 soli
394 3215 462 3279 Deo
479 3214 612 3298 placere
629 3213 778 3300 cupiens,
801 3214 1034 3292 heremiticam
1048 3214 1155 3280 vitam
1177 3214 1274 3282 duxit

232 3329 320 3416 apud
337 3329 507 3408 Arcaiam,
531 3333 564 3395 et
595 3349 673 3416 sepe
697 3330 838 3397 Senonis
868 3329 1002 3397 rediens
1023 3331 1180 3416 populum
1210 3331 1274 3397 sibi

233 3447 448 3512 commissum
469 3445 683 3513 illuminabat
700 3445 815 3523 verbo,
836 3444 1020 3512 virtutibus
1044 3448 1078 3511 et
1097 3444 1272 3531 exemplis.
1285 3486 1324 3549 20

233 3561 336 3628 Sexto
350 3559 515 3626 kalendas
529 3559 745 3647 septembris,
768 3560 928 3646 migravit
944 3579 965 3626 a
977 3561 1090 3626 seculo
1104 3575 1139 3627 et
1152 3559 1187 3624 in
1202 3579 1276 3625 mo-

234 3677 383 3743 nasterio
403 3676 518 3743 Sancti
537 3676 632 3742 Petri
652 3676 731 3743 Viri
750 3696 853 3762 prope
880 3695 959 3741 suas
979 3695 1125 3754 sorores
1144 3677 1180 3740 in
1197 3695 1277 3741 ora-

234 3793 322 3860 torio
335 3792 439 3859 Beate
459 3792 568 3858 Mario
579 3793 722 3878 virginis
740 3796 793 3859 est
811 3794 973 3880 sepultus.
990 3793 1089 3859 Anno
1108 3793 1149 3859 ab
1163 3793 1277 3858 incar-

180 3887 189 3900 ·
235 3909 373 3977 natione
407 3909 540 3974 Domini
568 3909 619 3974 Μ’*
656 3903 829 3976 tricesimo
867 3912 1000 3994 quarto,
1022 3927 1143 3996 corpus
1171 3908 1277 3996 ipsius

236 4022 422 4091 relevatum
437 4021 502 4090 fuit
520 4022 561 4090 de
584 4024 657 4090 loco
681 4024 717 4090 in
736 4043 802 4110 quo
817 4024 974 4111 jacuerat
988 4043 1048 4110 per
1067 4023 1229 4092 ducentos
1244 4030 1279 4093 et

236 4139 352 4208 XXVI
365 4158 485 4220 annos,
502 4143 653 4228 tempore
669 4139 783 4210 Sevini
798 4139 1042 4227 archiepiscopi
1061 4143 1096 4208 et
1114 4138 1279 4209 Ruinardi
