3168 5012
706 507 906 578 ..236-

287 657 408 722 ventus
422 650 508 740 apud
529 652 663 719 Montes
675 652 711 718 in
726 651 848 718 Villari
869 651 925 736 qui
941 649 1065 718 dicitur
1088 670 1132 718 au
1146 649 1254 718 Viller
1268 650 1322 717 vel

288 769 477 847 devillare,
492 789 552 856 pro
564 769 796 836 anniversario
809 765 944 834 Girardi
959 765 999 832 de
1009 767 1173 846 Plasset0‚
1188 767 1319 844 militis,

288 885 374 974 quod
393 885 432 954 fit
458 886 493 951 in
515 885 690 964 tannarie,
708 904 810 951 unam
839 887 1025 950 costumam
1040 883 1197 951 uidelicet
1219 905 1321 950 unam

287 1003 413 1068 minam
434 1021 538 1068 avene
561 1000 603 1068 ad
622 1021 780 1088 magnam
794 1019 999 1079 mensuram,
1024 1019 1126 1066 unam
1147 1000 1320 1088 gallinam,

288 1117 371 1184 duos
385 1137 489 1204 panes
504 1117 616 1186 loacas
628 1122 663 1184 et
684 1118 695 1182 i
715 1117 748 1182 d.
766 1137 898 1193 census,
922 1137 1021 1204 super
1035 1135 1204 1184 masuram
1221 1117 1322 1184 sitam

287 1236 377 1300 inter
401 1233 534 1300 domum
559 1232 714 1298 Belduini
747 1231 916 1298 Hodierna
946 1237 981 1299 et
1004 1233 1137 1298 domum
1166 1233 1322 1300 Balduini

287 1350 482 1438 Berangier.

331 1466 437 1554 Super
451 1464 584 1531 domum
599 1485 663 1551 que
678 1467 745 1532 sita
760 1470 812 1532 est
829 1469 907 1535 ante
920 1469 1056 1552 puteum
1071 1467 1180 1554 platee
1196 1467 1323 1536 Sancti-

288 1583 395 1659 Petri,
416 1579 518 1649 habet
537 1586 734 1661 conventus,
752 1583 816 1649 hae
829 1582 895 1662 die,
912 1583 948 1648 xl
964 1604 992 1648 s.
1007 1605 1040 1671 p.
1052 1585 1100 1650 'ud
1119 1587 1243 1669 festum
1261 1585 1322 1650 Jo-

287 1700 414 1764 tuente
431 1698 563 1764 Barea.

317 1825 401 1872 Patruus
416 1821 550 1870 Avunculi.

315 1915 444 1962 lulianam
454 1916 485 1960 de
501 1885 626 1961 Heraiaco
638 1918 711 1960 tenet.

316 2007 374 2053 Non
386 2009 548 2062 comparatur
560 2006 608 2052 luia.

329 2103 435 2190 Super
453 2099 586 2168 domum
605 2102 770 2189 lapideam
784 2103 827 2168 ad
838 2109 970 2191 portam
988 2103 1241 2171 Sancti-Leonis
1260 2103 1325 2170 ha·

284 2218 341 2285 bet
363 2223 561 2297 conventus,
581 2218 645 2285 hac
661 2219 798 2286 diexxx
812 2240 839 2286 s.
861 2226 886 2288 t.

316 2334 416 2382 Coletus
430 2334 533 2382 Fillone.

330 2425 436 2510 Super
453 2428 525 2490 tres
542 2443 693 2490 cameras
705 2429 739 2492 et
751 2446 851 2492 unam
866 2428 1038 2492 minimam
1055 2426 1157 2496 habet
1177 2443 1323 2492 conven-

284 2543 353 2617 tus,
373 2539 437 2604 hae
449 2537 514 2616 die,
534 2544 688 2625 quartam
704 2545 834 2626 partem
848 2542 1089 2628 loquutionum.

330 2653 439 2739 Super
451 2657 590 2722 domum
603 2657 642 2722 de
655 2657 838 2736 Mazaetullo,
854 2662 894 2722 in
907 2664 964 2724 via
979 2679 1045 2742 qua
1060 2663 1133 2728 itur
1147 2661 1191 2724 ud
1211 2661 1323 2724 Treoua

283 2791 332 2835 aar
344 2791 372 2836 e.
390 2790 467 2855 pur.
484 2772 658 2856 Grepore’ur
671 2773 778 2858 Malay
794 2774 837 2839 aet
850 2773 1064 2840 Nativitatem
1079 2783 1111 2840 et
1124 2795 1171 2840 aa
1186 2795 1214 2840 a.
1229 2795 1266 2858 p.
1281 2775 1325 2840 act

285 2889 408 2970 festum
423 2887 878 2958 Sancti-Iohannis-Butiete.

324 3003 435 3087 Super
457 3005 596 3070 domam
616 3010 656 3070 ira
669 3011 754 3072 -vieu
779 3007 1247 3074 Marenen-Sancit-Jonanan
1269 3012 1324 3072 mii

287 3139 315 3186 e.
332 3140 369 3204 p.

318 3236 476 3294 Theobaldue
489 3247 625 3294 Maserius.

317 3337 409 3382 Perrin
418 3336 536 3382 d’Arboie
548 3341 622 3383 tenet.
634 3336 675 3382 Ad
686 3338 758 3384 Noel.

326 3437 381 3502 27.
397 3473 441 3484 -
457 3436 504 3501 Vl
519 3435 596 3502 Kal.
610 3474 654 3484 -
665 3437 830 3504 lobannis
846 3439 1000 3524 apostoli.
1021 3438 1080 3505 Ob.

329 3552 384 3616 28.
399 3553 485 3618 -V
501 3553 578 3618 Kal.
600 3588 644 3603 -
658 3553 856 3621 Sanctorum
872 3556 1117 3622 Innocentium.
1131 3555 1191 3622 Ob.

316 3667 615 3735 290-111111221.
638 3706 681 3720 -
697 3671 835 3748 Thema,
858 3672 1002 3757 episcopi
1022 3675 1055 3738 et
1074 3671 1247 3756 martyria.
1263 3668 1323 3736 Ob.

330 3786 385 3876 30.
401 3787 509 3852 -ΙΙΙ
524 3787 601 3852 Kal.
620 3822 664 3837 -
679 3786 771 3853 Obiit
802 3789 912 3874 Hugo,
935 3789 1028 3873 prior
1051 3787 1091 3852 de
1113 3787 1326 3869 AndrieiauO,

285 3905 346 3986 pro
364 3921 428 3988 que
446 3906 481 3968 et
502 3922 562 3989 pro
591 3902 788 3989 parentibus
813 3903 896 3981 suis,
922 3902 1021 3971 debet
1045 3903 1199 3970 deminus
1225 3905 1332 3973 abbas

285 4023 467 4088 conventui
481 4023 622 4109 singulis
638 4020 769 4100 diebuS,
793 4022 941 4108 exeeptis
964 4023 1032 4089 illis
1046 4024 1215 4111 inquibus
1231 4026 1329 4094 debet

285 4139 497 4226 pittantiam,
520 4139 579 4205 viii
595 4138 627 4204 d.
643 4158 718 4226 par.
733 4157 808 4206 cum
821 4138 898 4205 aliis
911 4143 1055 4226 quatuor
1072 4141 1105 4208 d.
1123 4144 1178 4228 qui
1192 4142 1329 4212 luerunt
