3168 5012
628 553 824 620 -173—

200 699 467 784 Pergamenaria
480 696 520 762 de
547 696 667 784 quibus
684 697 827 774 debetur
844 697 908 762 bao
930 696 984 762 die
1009 701 1131 783 quarta
1149 717 1240 784 pars.
1298 703 1308 718 '
1388 704 1393 718 “

229 811 403 874 Loquationos.

244 904 311 969 Pro
324 901 476 968 Ysabelli
492 903 527 969 la
542 903 698 969 Masuere
712 923 733 968 v
750 922 778 966 s.
794 922 867 988 par.

231 1017 297 1074 tillo,
311 1014 430 1064 toailliers
442 1030 475 1064 xv
488 1017 514 1065 (1.
532 1030 586 1078 par.

232 1105 359 1153 Ouiltotus
371 1105 451 1152 Roons
463 1105 491 1153 iii
508 1119 528 1153 a.
542 1106 568 1153 ix
580 1105 606 1152 (1.
618 1117 671 1164 per.

247 1195 313 1261 Pro
336 1196 501 1282 magistro
527 1194 681 1266 «Iohanne
700 1192 741 1260 de
762 1196 874 1281 Burgo
901 1202 936 1265 ot
950 1196 1027 1263 Gila
1047 1202 1155 1265 matre
1169 1198 1242 1286 ejus

202 1311 282 1374 ixa.
299 1331 329 1395 p.
864 1329 867 1336 ·

231 1425 446 1485 Magtstortooetus
456 1424 612 1472 illuminator
628 1425 636 1471 i
647 1437 668 1471 s.
683 1437 735 1484 per.

233 1513 294 1560 Filia
306 1511 422 1560 deiunote
433 1513 509 1560 Morio
517 1509 715 1572 parcheminiere
726 1512 755 1560 iii
763 1525 784 1560 s.
796 1526 849 1572 par.

244 1604 313 1668 Pro
329 1603 432 1670 Petro
445 1601 485 1668 de
499 1603 663 1689 Lingonis
678 1607 713 1669 et
727 1602 908 1671 Lamberto
922 1604 962 1670 de
980 1607 1087 1672 Barro
1104 1627 1152 1672 xx
1165 1628 1193 1672 s.
1214 1611 1240 1675 t.

234 1719 326 1766 Domus
344 1717 374 1765 de
386 1718 462 1764 Barro
472 1729 521 1778 que
533 1717 625 1765 dieitur
635 1717 724 1765 domus
735 1718 765 1766 H.
778 1717 884 1771 comitis.

247 1809 315 1874 Pro
328 1807 468 1875 Galtero
487 1806 641 1886 Cornuti,
670 1807 934 1896 archiepiscopo,
955 1830 1003 1875 xx
1018 1831 1045 1876 s.
1066 1816 1093 1878 t.
1141 1812 1148 1818 '

237 1923 318 1987 Liberi
335 1925 447 1972 defuncti
459 1923 544 1971 Fetisii
560 1923 666 1976 borelli.

249 2014 394 2080 Summo
410 2017 450 2080 tu·
465 2036 492 2082 e.
511 1999 551 2080 ot
561 2015 595 2078 d.

617 2188 835 2204 ffl-

376 2327 498 2376 rmnsm
522 2327 635 2378 marus
658 2328 773 2376 unser
799 2328 873 2376 oms
901 2329 975 2375 xxx
997 2308 1071 2396 (sto)
1132 2388 1136 2404 .
1173 2316 1176 2323 '

251 2489 280 2552 1.
306 2521 351 2537 -
375 2486 551 2553 Kalendis.
568 2524 612 2537 —
633 2486 780 2575 Philippi
796 2492 831 2554 et
847 2487 962 2554 Jacobi
978 2488 1243 2574 appostolorum.

204 2601 296 2669 Obiit
308 2602 495 2680 AlboniouS,
513 2602 632 2681 laious,
648 2623 709 2689 pro
724 2623 789 2688 quo
802 2601 901 2669 debet
914 2602 1150 2670 thesaurarius
1162 2605 1196 2670 ri
1214 2623 1242 2668 a.

107 2773 109 2777 .
202 2738 291 2805 pan,
310 2719 360 2782 xii
382 2718 415 2783 d.
433 2718 627 2794 elemosine,
643 2719 693 2783 xii
712 2717 744 2784 d.
766 2717 1006 2804 pulsatoribus.

236 2830 425 2880 thesaurarius.

242 2911 281 2990 2.
303 2957 346 2972 -
361 2923 409 2989 VI
433 2922 521 2988 Non.
544 2957 584 2972 -·
604 2920 697 2988 Obiit
725 2920 945 3008 Huldebulgis
970 2921 1004 2987 la
1033 2922 1156 3000 Quoto,
1182 2941 1243 3008 pro

204 3057 271 3124 qua
287 3037 390 3106 habet
407 3041 605 3116 conventus,
628 3057 729 3124 super
749 3041 877 3103 terram
909 3036 1009 3104 sitam
1034 3040 1113 3103 ante
1131 3041 1242 3104 ortum

204 3140 441 3233 SanctissPetri,
455 3174 477 3220 r
492 3175 519 3219 s.
537 3172 610 3240 par.

250 3269 335 3337 Item
348 3269 432 3338 obiit
449 3269 635 3356 Remigius,
658 3267 812 3348 clericus,
829 3287 891 3355 pro
904 3267 1084 3354 quohebet
1097 3288 1244 3336 eonven-

205 3387 261 3452 tus
277 3387 314 3450 iii
331 3407 359 3452 s.
376 3407 449 3473 par.
466 3406 527 3473 pro
547 3384 691 3471 quodam
706 3404 808 3451 censu
822 3405 894 3451 suo.

236 3502 424 3551 thesaurarius.

248 3593 280 3658 3.
294 3593 383 3658 -V
404 3593 493 3659 Non.
510 3626 554 3641 -
571 3591 726 3662 Iuventio
740 3595 855 3658 saneta
870 3589 999 3658 Oruois.
1018 3589 1079 3657 Ob.

250 3711 286 3791 4.
297 3746 340 3756 -
356 3708 402 3776 IV
416 3709 505 3776 Non.
525 3742 569 3757 -
586 3705 648 3772 Ob.

250 3824 508 3890 5.-111N0n.
528 3857 573 3875 —
590 3821 652 3888 Ob.

252 3939 386 4007 6.-ΙΙ
413 3940 503 4018 Non.
526 3974 571 3989 -
595 3936 762 4004 Johannis
787 3940 866 4003 ante
898 3941 1031 4023 portam
1067 3937 1239 4005 Latinam.

205 4043 298 4122 Obiit
318 4055 495 4134 Herveius,
517 4055 612 4142 prior
637 4053 677 4120 da
703 4051 919 4132 Andrisiam,
947 4072 1009 4140 pro
1045 4072 1109 4139 quo
1141 4052 1244 4121 habet

208 4175 393 4240 conventus
408 4189 509 4256 super
522 4170 722 4256 terragium,
735 4181 879 4236 censum
893 4172 928 4236 et
939 4168 1166 4235 molendinum
1182 4189 1245 4256 qua
