3168 5012
706 455 907 522 -216-

332 594 595 661 2.-111.N0n.
612 593 760 662 -Obiit
779 595 903 680 Laura,
927 596 1046 666 relicta
1067 597 1249 666 Theobaldi
1262 599 1324 666 So-

287 710 385 788 toral,
403 730 464 797 pro
486 730 551 796 quo
578 709 680 778 habet
701 716 896 796 conuentus,
921 734 1021 800 super
1038 715 1171 781 vineam
1192 715 1234 783 ad
1257 716 1325 783 Co·

288 825 428 909 dreium,
451 847 474 892 v
492 847 519 892 s.
537 847 569 912 p.

317 941 428 999 Bardiue
445 941 463 989 li
474 943 618 1003 bocherans,
634 942 663 990 iii
674 956 695 990 s.
710 942 778 991 vid.
795 956 824 1004 p.

317 1030 398 1078 Filius
414 1030 491 1092 Odeti,
508 1030 531 1077 le
548 1033 646 1093 socher,
660 1032 679 1078 ii
693 1045 712 1080 s.
728 1032 755 1078 vi
766 1033 791 1080 d.
805 1046 832 1092 p.

316 1121 415 1179 Petrus,
433 1121 451 1165 ti
466 1122 579 1180 scurriet,
596 1125 672 1168 tenet.

330 1207 455 1275 Eadem
489 1209 555 1287 die,
592 1209 675 1277 obiit
710 1210 832 1278 Petrus
863 1209 999 1291 siban,
1027 1232 1088 1301 pro
1118 1234 1182 1300 quo
1224 1215 1327 1285 habet

287 1329 471 1393 conventus
496 1324 583 1411 apud
602 1327 807 1408 Bassiacum,
837 1349 936 1416 super
956 1335 1083 1397 terram
1107 1333 1325 1424 continguaur

286 1447 377 1510 terre
391 1441 517 1508 Bellom
530 1443 565 1507 in
581 1444 717 1512 censiva
734 1441 860 1510 domini
875 1444 1019 1526 abbatis,
1042 1469 1064 1514 v
1080 1469 1107 1514 s.
1123 1453 1149 1516 t.
1164 1455 1200 1516 ci
1211 1451 1244 1516 d.
1259 1455 1326 1518 ete-

288 1564 434 1637 mosinc‚
449 1563 485 1624 ci
504 1558 535 1623 d.

316 1677 391 1724 Maria
402 1675 518 1734 Lartuise,
530 1676 573 1722 xix
589 1688 610 1722 s.
624 1680 641 1722 t.

317 1768 450 1823 iohannes,
462 1766 482 1813 li
493 1766 585 1826 Bichat,
600 1767 626 1813 xi
638 1765 663 1818 d.
676 1769 692 1812 t.

318 1858 382 1914 Giio,
395 1857 414 1904 li
428 1856 529 1918 (inlicta,
547 1856 622 1903 xii'd.
639 1860 657 1903 t.
671 1863 674 1867 '

317 1947 435 1995 Liliavrcs
445 1951 469 1994 et
483 1947 595 2002 hierone,
606 1947 625 1993 ii
636 1947 696 1993 sevi
706 1947 731 1994 d.
748 1951 765 1995 t.

332 2037 417 2102 Item
438 2055 498 2123 pro
511 2035 627 2108 eodem
645 2037 878 2104 anniuersario
892 2057 990 2125 super
1010 2036 1111 2103 aliam
1130 2040 1257 2103 terram
1272 2037 1325 2101 Ac

288 2273 404 2337 nensis
418 2272 509 2336 curie
526 2270 730 2336 continetur.

319 2383 404 2434 Petrus
421 2385 557 2433 Berruiers.

318 2477 462 2533 Stephanus
471 2476 554 2522 dictus
565 2477 583 2521 li
592 2476 686 2522 matres
700 2477 731 2522 dc
744 2476 927 2522 Vitta-Bioneis
937 2472 982 2537 (¹).
1073 2511 1074 2514 η

332 2576 457 2642 Eadem
469 2576 535 2654 die,
554 2575 637 2643 obiit
664 2575 854 2662 Stephanus
882 2574 1035 2654 Borfaut,
1054 2595 1114 2662 pro
1135 2594 1199 2663 quo
1221 2573 1323 2642 habet
1366 2571 1371 2585 “

287 2699 483 2768 conventus
516 2713 616 2779 super
640 2693 772 2759 vineam
793 2691 835 2757 ad
865 2692 1001 2760 Petram
1027 2692 1319 2770 Sancti-Martini,

291 2828 326 2875 xl
343 2829 370 2875 s.
394 2831 427 2896 p.

319 2927 391 2973 Pueri
401 2926 504 2973 ieuHue
514 2925 544 2972 da
555 2926 639 2973 Jeurre
656 2925 703 2972 viii
715 2938 736 2973 s.
750 2939 775 2986 p.
785 2948 817 2960 -
828 2925 946 2984 iaquetus
955 2937 1029 2985 gener
1046 2939 1078 2972 au
1090 2927 1201 2987 Mergeau
1215 2925 1254 2972 iiii
1265 2938 1285 2972 s.
1297 2939 1322 2986 p.

318 3016 430 3072 Jcffrons
439 3015 570 3061 Bardinat.

333 3104 457 3171 Eadem
481 3104 547 3182 die,
570 3103 654 3170 obiit
674 3104 863 3183 Renardus,
880 3103 1063 3170 monachus
1079 3102 1119 3168 de
1136 3103 1322 3187 Mauriaco,

290 3225 434 3304 sacrista
451 3222 551 3310 hujus
566 3223 642 3300 loci,
660 3242 720 3309 pro
737 3243 802 3308 quo
816 3221 919 3288 habet
934 3224 1129 3302 conventus,
1144 3239 1243 3306 super
1257 3223 1324 3286 ter·

287 3360 358 3406 ram
373 3340 474 3426 juxta
495 3339 672 3407 Botoarios
688 3359 751 3425 quc
768 3337 832 3404 fuit
851 3336 984 3403 Mcrelli
1005 3334 1150 3418 Putefin,
1167 3356 1191 3400 x
1206 3355 1234 3400 s.
1251 3340 1277 3402 t.

316 3456 450 3512 iohannes,
463 3453 531 3502 iilius
542 3455 598 3512 Tin,
612 3454 635 3500 la
652 3453 751 3502 muniar
768 3451 816 3516 (t).

334 3545 404 3612 Ista
418 3542 472 3610 die
493 3543 656 3612 debentur
671 3564 743 3611 xxx
757 3565 782 3609 s.
803 3549 828 3612 te
850 3531 949 3630 super
968 3543 1037 3610 tria
1060 3546 1201 3629 arpenta
1224 3545 1321 3610 vinee

288 3661 355 3727 sita
370 3661 456 3747 apud
477 3662 670 3726 Bassiacum
684 3661 719 3726 in
738 3661 912 3728 territorio
932 3659 976 3725 de
999 3659 1162 3727 Cassedos
1183 3680 1243 3746 pro
1261 3660 1321 3727 de-

286 3779 401 3849 functo
420 3781 521 3848 Petro
538 3780 682 3858 Morelli,
701 3779 876 3858 monacho,
895 3783 929 3847 et
942 3781 980 3844 iii
995 3778 1025 3844 d.
1045 3780 1231 3847 censuales,

321 4123 356 4190 (t)
369 4126 460 4182 iaham
477 4127 596 4176 courum
613 4128 641 4175 iii
652 4140 708 4192 par.
727 4129 763 4178 its
777 4129 814 4180 56.
