3168 5012
733 479 933 551 -1704-

363 627 396 692 2.
413 626 541 694 -1111
571 626 823 695 uos-uua
845 629 1002 696 umerus
1021 629 1193 709 iacuere,
1216 651 1278 718 pro
1292 652 1358 718 qua
1470 586 1472 590 ⁸

324 741 428 810 habet
445 747 632 829 conuentus
650 744 684 808 in
697 743 893 810 Chasselein
917 766 1020 833 prope
1039 748 1129 813 viam
1148 746 1189 812 de
1215 747 1358 813 Viciniis

327 856 541 927 medietatem
580 859 679 960 vinee
714 879 773 925 sue
806 880 869 946 que
894 865 1036 928 vocatur
1063 861 1096 928 la
1130 861 1252 928 Peinte
1277 865 1297 928 a
1325 861 1358 928 la

322 971 461 1039 Ceubre.

354 1090 421 1138 Istud
434 1089 634 1137 anniversarium
651 1093 808 1150 computatur
817 1090 844 1138 in
853 1089 993 1150 Novembri,
1006 1091 1065 1151 quia
1081 1093 1107 1140 in
1123 1092 1183 1140 festu
1193 1093 1277 1141 Sancti
1291 1093 1357 1141 Mar-

223 1190 227 1203 ‘
323 1178 369 1226 tini
381 1176 506 1239 hyemalis
516 1179 618 1227 debetur
627 1179 734 1240 pensato.

364 1269 397 1336 3.
421 1302 465 1318 -
481 1269 534 1334 111
550 1269 639 1335 Non.
652 1306 696 1319 -
710 1268 802 1374 Qbiit
817 1269 986 1337 Ysabellis
1005 1272 1039 1338 la
1054 1271 1281 1359 Maseuruss),
1299 1292 1359 1359 pro

324 1405 390 1471 qua
405 1384 507 1490 habat
519 1390 716 1465 conventus,
733 1408 831 1474 super
852 1388 984 1454 vineam
996 1379 998 1382 ’
1009 1387 1050 1454 ad
1072 1388 1134 1454 xiii
1150 1386 1356 1466 Mardelons,

91 1518 94 1523 ·
196 1545 199 1551 -
319 1521 382 1568 vs.
398 1486 485 1586 paa-

351 1613 407 1663 uilo
419 1615 438 1663 li
448 1615 566 1664 teailliers
580 1628 613 1664 xv
623 1617 649 1665 d.
663 1630 716 1677 par.

352 1703 466 1765 Guyotus
476 1705 559 1753 Bouns
567 1705 597 1753 iii
607 1718 628 1753 s.
641 1705 667 1754 ix
677 1707 701 1754 d.
719 1719 772 1765 par.

232 1856 234 1860 ι
351 1794 437 1860 Vacat.

362 1885 394 1950 4.
408 1920 452 1933 -
468 1884 502 1949 II
521 1885 616 1958 Non„
630 1922 671 1934 -
686 1885 778 1952 Obiit
796 1886 920 1953 Petrus
938 1885 979 1951 de
999 1886 1190 1966 Hericiaco,
1217 1887 1359 1975 presby-

323 2005 389 2079 ter,
419 2020 480 2087 pro
495 2021 559 2087 quo
581 2000 684 2080 habet
704 2006 901 2082 cenventus.
931 2011 1003 2069 xxx
1029 2023 1056 2067 s.
1081 2007 1107 2069 t.
1134 2023 1233 2089 super
1260 2007 1358 2090 prata

319 2111 359 2183 de
371 2116 539 2182 Bessiaeo.

350 2231 418 2279 Istud
432 2230 633 2278 anniversarium
644 2231 799 2290 dompuiutur
818 2231 845 2278 in
864 2231 996 2279 Novembri
1007 2244 1064 2278 cum
1079 2232 1139 2280 aliis'
1152 2233 1286 2282 redditibus
1300 2248 1359 2294 pra-

320 2323 408 2367 torum.

361 2411 394 2476 5.
411 2442 455 2457 -
474 2407 592 2474 Nonis.
613 2443 652 2462 —
671 2405 834 2475 Obierunt
853 2408 943 2488 Salo,
958 2411 1067 2490 miles,
1085 2417 1119 2479 et
1144 2411 1355 2491 Helisabeth,

318 2542 404 2589 uxor
418 2523 502 2610 ejus,
517 2521 558 2588 de
572 2523 768 2618 Malleyeto,
786 2543 846 2610 pro
864 2525 983 2611 quibus
1004 2526 1103 2594 debat
1122 2526 1357 2594 thesaurarius

317 2660 341 2704 x
365 2660 392 2704 s,
419 2659 492 2726 par.
512 2639 705 2717 conventui,
720 2639 900 2706 elemosine
915 2643 963 2707 xii
984 2641 1031 2721 d.‚
1062 2643 1289 2728 pulsatoribus
1308 2645 1357 2708 xii

319 2754 352 2821 d.
381 2774 481 2841 super
495 2755 612 2820 vineas
633 2775 696 2840 que
712 2759 792 2822 sunt
809 2756 896 2842 apud
913 2757 1094 2844 Saneeyas.
1292 2761 1294 2765 ’

364 2870 448 2935 Item
469 2869 553 2936 obiit
567 2869 745 2956 Aiglodus,
769 2871 925 2938 sacerdos
938 2872 1116 2952 Malleioti,
1140 2895 1201 2961 pro
1223 2895 1287 2962 quo
1303 2875 1385 2960 del-.-

324 2987 381 3054 bet
394 2988 643 3065 thesaurarius,
669 3009 769 3076 super
783 2993 917 3074 pratum
938 2991 1039 3058 situm
1060 2991 1147 3078 apud
1172 2993 1355 3072 Malloium,

322 3103 359 3168 ui
372 3122 398 3168 S.
414 3122 487 3188 par.

363 3218 449 3304 Item
465 3217 548 3284 obiit
567 3218 746 3295 Aamerus‚
759 3222 891 3304 iayeus,
911 3239 972 3308 pro
985 3241 1050 3307 quo
1065 3220 1164 3288 debet
1178 3221 1360 3287 thesaura-

321 3333 405 3410 rius,
428 3351 528 3418 super
548 3331 726 3416 quamdam
742 3336 867 3399 terram
881 3333 922 3400 ad
938 3333 1097 3402 Corveias
1118 3335 1154 3400 iii
1172 3357 1200 3402 s,
1218 3356 1290 3422 par.

306 3485 308 3488 .
351 3447 538 3496 rheuururius.

364 3535 756 3603 6.-VlIIYd.·-Ob.
1291 3588 1293 3591 r
1364 3621 1365 3624 Ἴ

364 3651 864 3720 7.--V11Yd.-Obierunt
903 3655 1066 3740 magister
1102 3657 1273 3722 iohannes
1319 3657 1360 3724 de

320 3768 432 3855 Burgo
461 3768 704 3846 Sancti-Petri,
740 3772 775 3835 et
802 3768 891 3847 Gila,
924 3774 1033 3836 mater
1064 3771 1159 3857 ejus,
1194 3793 1254 3859 pro
1285 3775 1361 3860 qui-

322 3881 384 3948 bus
414 3882 517 3951 habet
546 3888 743 3966 conventus,
777 3905 876 3970 super
905 3904 1056 3952 cameras
1073 3907 1151 3953 suas
1170 3889 1206 3954 in
1230 3890 1379 3976 Parga-¹

354 4122 388 4185 (i)
402 4127 519 4173 Mesuare.
531 4127 565 4174 Ms
583 4128 619 4173 56.
