3160 5016
626 579 670 596 -
692 541 755 612 271
781 579 825 596 -

201 705 275 754 rum
306 684 430 767 choris,
461 685 603 773 quadam
621 686 757 774 speciali
789 686 916 773 gracia,
940 704 1014 750 eam
1034 681 1189 750 dedicare
1208 687 1243 750 et

203 801 414 870 sanctificare
434 803 552 882 voluit,
583 823 622 870 ac
648 803 750 870 etiam
780 801 1021 869 sacratissimis
1048 784 1244 892 corporibus

201 915 375 986 beatorum
399 919 596 998 martirum,
619 919 928 1004 Senonensiumque
951 916 1138 1006 primorum
1157 935 1244 1003 pon-

200 1031 342 1112 tificum,
359 1034 535 1103 videlicet:
554 1034 726 1102 Saviniani
742 1034 967 1122 prenominati
979 1037 1013 1100 et
1029 1032 1238 1117 Potenciani‚

202 1149 243 1217 de
264 1171 403 1218 numero
423 1151 640 1240 septuaginta
664 1149 804 1219 duorum
829 1150 961 1218 Domini
987 1148 1239 1237 discipulorum,

201 1265 358 1354 beatique
374 1268 494 1348 Altini,
514 1288 630 1335 eorum
648 1269 742 1347 socii,
762 1288 891 1335 necnon
908 1266 1102 1356 corporibus
1122 1264 1242 1332 beato-

201 1400 276 1478 rum
293 1385 471 1451 martirum
487 1384 634 1453 serotini
651 1390 684 1453 et
700 1385 854 1465 Eodaldi‚
872 1385 963 1452 beati
978 1383 1121 1473 predicti
1144 1382 1242 1449 Savi-

202 1500 295 1566 niani
317 1499 577 1588 discipulorum;
600 1501 693 1581 item,
709 1501 905 1590 corporibus
927 1501 1102 1570 beatorum
1121 1499 1243 1565 marti-

201 1636 276 1682 rum
284 1617 451 1685 Victorini
461 1624 494 1687 et
504 1619 576 1706 ejus
586 1618 647 1684 lilii
659 1639 733 1685 cum
747 1639 865 1686 novem
875 1623 1069 1686 sanctorum
1085 1616 1245 1682 Innocen-

202 1736 273 1798 tum
289 1735 496 1820 corpusculis
513 1757 521 1813 ;
539 1736 634 1814 item,
650 1735 847 1823 corporibus
863 1734 1037 1828 beatorum
1054 1735 1244 1818 martyrum

202 1849 387 1929 Sanctiani,
400 1852 582 1938 Augustini
597 1857 631 1919 et
646 1856 763 1919 sancte
774 1853 890 1930 Beate,
905 1851 1032 1918 sororis
1043 1849 1130 1938 ejus3
1148 1851 1242 1927 item,

202 1967 396 2053 corporibus
407 1966 583 2036 beatorum
600 1969 778 2035 martirum
792 1967 914 2034 Felicis
928 1971 963 2034 et
977 1966 1132 2045 Auberti,
1145 1967 1239 2044 item,

202 2083 397 2171 corporibus
426 2089 619 2154 sanctorum
646 2084 878 2152 confessorum
908 2088 1009 2170 atque
1044 2079 1240 2171 pontificum
1309 2099 1313 2103 ·

201 2200 444 2267 Senonensium
468 2201 627 2280 Ebbonis,
650 2201 811 2280 Ursicini,
836 2194 983 2288 Agricii,
1010 2198 1183 2266 Ambrosii
1207 2204 1242 2265 et

201 2317 341 2398 Leonis;
360 2318 459 2397 item,
477 2337 616 2406 corpore
639 2317 736 2386 beate
759 2303 905 2405 'virginis
928 2314 1186 2383 Theodechildis
1202 2333 1241 2380 ac

199 2435 425 2519 prenominati
435 2437 525 2522 regis
535 2433 691 2504 Clodovei
704 2433 772 2502 filie
781 2435 870 2502 caris
884 2435 980 2512 sime,
991 2453 1066 2500 cum
1079 2452 1241 2499 venerari·

200 2545 339 2615 dissimo
356 2568 396 2616 ac
413 2548 613 2637 dignissimo
630 2551 740 2637 capite
757 2549 945 2618 beatissimi
966 2548 1143 2638 Gregorii,
1156 2567 1240 2636 pape

200 2685 239 2731 ac
249 2685 345 2731 sacro
356 2670 473 2733 sancte
484 2666 622 2733 ecclesie
634 2666 784 2735 doctoris
796 2666 924 2745 eximii,
935 2669 970 2732 et
980 2665 1057 2731 aliis
1070 2664 1242 2752 quamplu-

199 2780 295 2846 rimis
312 2781 419 2847 sacris
439 2782 647 2870 pignoribus,
670 2803 811 2870 quorum
830 2784 960 2849 mencio
992 2781 1157 2871 prolixior
1174 2780 1241 2846 ha·

198 2894 351 2976 beretur,
378 2896 539 2965 decorare
572 2897 733 2986 dignatus
762 2904 833 2977 est,
869 2898 1036 2984 adquam
1063 2898 1239 2964 ecclesiam

199 3014 374 3101 utriusque
385 3035 486 3082 sexus
501 3015 616 3083 fideles
630 3016 783 3104 languidi
803 3018 936 3104 paritor
954 3023 989 3085 et
1002 3015 1146 3083 morbidi
1159 3036 1180 3083 a
1192 3022 1242 3085 to·

199 3131 270 3195 cius
298 3131 389 3198 orbis
423 3132 577 3220 partibus
619 3131 812 3213 affluentes,
841 3133 1009 3201 dictorum
1045 3137 1239 3200 sanctorum

200 3253 336 3332 sperata
351 3247 544 3335 gratudine,
564 3269 631 3315 non
649 3250 830 3336 privantur
843 3250 993 3337 presidio
1014 3249 1169 3317 mirilico.

245 3363 371 3429 Verum
386 3370 558 3431 crescente
573 3365 718 3450 malicia,
737 3364 981 3454 refrigescente
1008 3367 1166 3434 caritatis
1184 3385 1241 3433 ar-

201 3477 294 3558 dore,
330 3485 364 3548 et
394 3481 560 3548 virtutum
598 3481 779 3569 plantariis
809 3482 1041 3550 arescentibus
1072 3483 1238 3561 siccitate,

198 3595 347 3662 hostium
366 3598 472 3664 eciam
496 3597 631 3666 infinita
649 3597 866 3667 multitudine
891 3599 927 3665 in
945 3599 1073 3667 nostris
1088 3597 1241 3686 partibus

195 3713 359 3792 irruente,
370 3714 512 3801 aliisque
529 3715 784 3803 quamplurimis
804 3713 1040 3782 occurentibus
1056 3715 1242 3803 oppressio·

197 3829 307 3909 nibus,
322 3829 476 3919 dampnis
490 3837 525 3900 el
540 3823 772 3912 incommodis,
787 3831 958 3900 veteribus
969 3830 1121 3919 subjacet
1132 3831 1240 3898 ruinis

197 3942 398 4014 defformata
409 3967 467 4014 seu
485 3945 735 4018 defformatum.
1144 4035 1146 4040 ,

243 4061 288 4130 Ut
304 4063 410 4150 igitur
424 4065 467 4130 ad
483 4066 590 4153 ipsius
617 4065 757 4134 ecclesie
777 4069 811 4132 et
832 4064 1032 4133 monasterii
1046 4064 1240 4158 reparacio·

197 4198 273 4248 nem
294 4183 329 4248 et
354 4179 662 4251 substentaeionem
682 4183 810 4252 Christi
835 4180 968 4266 fideles,
987 4181 1030 4249 ad
1047 4182 1107 4248 Dei
1131 4182 1240 4249 nostri
