3180 5012
703 499 857 564 -5-

304 644 402 720 Item,
420 659 539 727 corpus
553 641 662 707 sancti
677 642 819 707 Eodaldi
830 644 1005 728 martyria,
1021 644 1175 730 discipuli
1189 644 1298 710 sancti

260 757 452 833 Saviniani,
478 755 658 840 habemus,
685 757 774 858 puod
800 757 978 823 habuimus
1007 779 1068 844 per
1098 750 1298 825 laudabilem

260 873 474 938 Wenilonem
490 871 788 958 archiepiscopum.

204 991 206 1002 '
305 969 1298 1075 Item,'corpussanctiSerotini,martyris,discipulisancti

261 1099 447 1177 Saviniani,
460 1098 636 1178 habemus,
651 1101 737 1185 quod
751 1101 891 1167 domnus
906 1104 1042 1169 Wenilo
1057 1104 1235 1170 laudabilis
1247 1125 1299 1170 ar·
1356 1134 1360 1148 ¹

263 1213 492 1300 chiepiscopus
505 1216 619 1300 posuit
635 1216 669 1280 in
686 1202 927 1283 monasterium
942 1224 1094 1285 nostrum
1110 1218 1170 1284 sub
1183 1218 1297 1314 altari,

261 1331 296 1394 in
311 1331 438 1396 honore
453 1330 534 1398 dicti
550 1333 712 1416 martyris
729 1337 764 1399 et
784 1334 1076 1399 sanctiVincencii
1088 1338 1296 1401 consecrato

306 1448 405 1523 Item,
425 1467 566 1532 corpora
580 1450 774 1514 sanctorum
795 1453 984 1534 martyrum
1001 1426 1170 1515 Victorini
1184 1455 1218 1516 et
1239 1449 1300 1514 filii

264 1563 315 1626 sui
335 1560 513 1626 habuimus
535 1582 595 1647 per
621 1562 807 1648 predictum
831 1564 1045 1630 Wenilonem
1076 1565 1303 1650 archiepisco-

169 1700 171 1706 ·
262 1698 351 1763 pum,
375 1697 437 1762 que
456 1681 636 1743 seruantur
656 1679 691 1741 in
710 1697 811 1764 capsa
828 1699 900 1743 cum
916 1678 1014 1745 beato
1030 1680 1220 1746 Saviniauo.
1315 1679 1350 1742 10
1409 1751 1410 1756 ἵ

306 1795 404 1877 Item,
424 1813 564 1879 corpora
592 1797 784 1859 sanctorum
803 1800 991 1879 martyrum
1011 1796 1204 1871 Sanctiani,
1230 1795 1302 1860 Au-
1333 1788 1335 1792 ’

262 1908 389 1993 gustini
413 1912 448 1973 et
471 1911 585 1973 sancte
622 1909 725 1974 Beate
749 1909 892 1994 virginis
920 1909 1098 1975 habuimus
1120 1931 1181 1996 per
1205 1911 1301 1977 dom·

263 2043 341 2088 num
358 2003 559 2108 Ansegisum
577 2023 780 2092 laudabilem
799 2018 1099 2110 archiepiscopum,
1118 2030 1301 2092 etservan-

263 2143 320 2232 tur
333 2122 370 2200 in
386 2156 486 2222 capsa
497 2149 672 2224 argentea.
1296 2204 1298 2207 .

307 2253 405 2328 Item,
433 2271 573 2337 corpora
600 2257 792 2320 sanctorum
817 2260 1005 2340 martyrum
1027 2258 1148 2323 Felicis
1174 2264 1209 2324 et
1228 2259 1302 2324 Au-

262 2366 349 2433 berti
378 2366 556 2432 habuimus
598 2387 658 2452 per
687 2367 843 2433 domnum
876 2352 1068 2455 Gabertum,
1100 2374 1300 2439 laudabilem

263 2484 429 2562 abbatem,
451 2488 486 2550 et
501 2489 682 2550 servantur
698 2486 732 2550 in
746 2506 847 2572 capsa
861 2496 1035 2580 argentea.

238 2577 239 2580 Ἴ
306 2601 403 2681 Item,
436 2599 598 2684 reliquias
624 2605 817 2666 sanctorum
849 2609 1037 2690 martyrum
1061 2607 1240 2672 Laurencii
1268 2612 1304 2674 et
1403 2597 1405 2601 ⁸

262 2715 436 2782 Vincencii
450 2715 484 2779 in
501 2715 637 2800 capsula
654 2735 731 2782 erea
744 2721 778 2783 et
795 2718 983 2784 cristallina
1005 2738 1200 2799 servamus;
1216 2722 1303 2787 alio-

263 2853 325 2918 que
340 2833 425 2909 loco,
440 2831 480 2896 de
505 2831 639 2917 plumbo
663 2830 767 2898 effuso
792 2854 892 2919 super
912 2833 1046 2901 beatum
1064 2837 1298 2902 Laurencium.
1312 2845 1351 2906 20

308 2949 405 3022 Item,
430 2947 648 3031 reliquiarum
676 2953 868 3014 sanctorum
893 2955 1081 3035 martyrum
1112 2950 1253 3017 Fabiani
1268 2957 1303 3018 et

264 3062 453 3128 Sebastiam
471 3048 631 3127 habemus
654 3065 898 3149 partiunculaS,
919 3085 1001 3149 quas
1027 3085 1101 3130 cum
1129 3066 1218 3132 omni
1247 3086 1303 3130 re-

265 3178 417 3243 verentia
433 3183 682 3243 conservamus
782 3221 786 3225 -
1329 3168 1333 3174 ¹
1403 3167 1405 3171 ’

310 3293 406 3374 Item,
432 3291 473 3357 de
493 3312 631 3378 corpore
661 3295 769 3360 sancti
796 3295 931 3381 Georgii
955 3297 1117 3381 martyris
1141 3295 1303 3362 habemus

263 3406 438 3492 reliquiae,
472 3428 556 3491 quas
588 3406 678 3474 dedit
709 3409 805 3474 nobis
836 3411 1041 3490 Alexander,
1071 3412 1238 3498 presbiter
1264 3413 1329 3478 de,

266 3525 398 3601 Naudo,
412 3523 604 3609 capellanus
622 3524 753 3590 comitis
771 3525 945 3610 Stephani.

311 3641 409 3717 Item,
435 3639 476 3704 de
497 3639 648 3724 reliquiis
674 3641 782 3705 sancti
807 3639 1009 3707 Christofori
1039 3643 1201 3727 martyris
1229 3662 1305 3706 con·

161 3829 169 3842 ,
268 3776 457 3822 servamus.

314 3871 412 3948 Item,
433 3871 473 3936 de
495 3875 667 3957 unguento
683 3877 875 3938 sanctorum
894 3871 1011 3938 Cosme
1027 3874 1061 3936 et
1080 3871 1233 3935 Damiani
1248 3869 1307 3936 ha·
1397 3967 1400 3972 Ι

268 3987 395 4054 bemus„
568 3993 572 4004 '
678 4025 681 4029 =
1317 4001 1355 4066 30

315 4103 423 4199 Caput
451 4103 542 4172 beati
566 4103 721 4197 Gregorii
748 4124 832 4198 pape
855 4103 1021 4185 doctoris,
1043 4098 1183 4172 domnus
1206 4103 1310 4174 Ausc-
