3164 5016
749 525 927 592 ...92-

364 669 427 736 Isti
454 687 514 734 sex
535 666 672 735 luerunt
695 667 950 754 archiepiscopi.
973 665 1103 753 Sepulti
1133 667 1225 734 inter
1252 665 1360 734 eccle-

325 786 410 850 siam
426 784 540 851 Sancti
556 783 729 850 Saviniani
742 788 776 851 et
789 775 1121 870 primamba'silicam
1136 781 1251 849 Sancti
1267 781 1361 848 Sero·

324 903 402 980 tini,
426 905 463 968 ut
489 902 524 965 in
541 900 718 987 privilegio
733 899 890 966 Clodovei
913 899 1005 986 regis
1027 898 1113 984 quod
1134 897 1226 968 dedit
1243 905 1362 965 mona-

326 1018 430 1085 sterio
449 1015 563 1084 Sancti
585 1018 679 1085 Petri
704 1017 909 1084 continetur.
927 1017 1027 1084 Vitas
1049 1017 1196 1104 ipsorum
1223 1017 1361 1104 ignora·

324 1154 420 1212 mus;
449 1152 527 1198 nom
553 1134 677 1220 pagani
701 1131 804 1198 libros
832 1136 866 1199 et
898 1130 1089 1218 sepulturas
1110 1152 1184 1197 cum
1213 1131 1362 1198 ecclesiis

326 1238 579 1317 destruxerunt.

315 1343 316 1354 ἵ
344 1345 347 1365 ⁵
366 1365 521 1433 Seuerus
542 1366 738 1432 Uusrcrnus.
756 1365 871 1432 Vitam
888 1365 988 1431 istius
1005 1364 1165 1451 scriptam
1186 1363 1359 1442 habemus,

239 1511 240 1524 ¹
323 1487 358 1550 et
369 1501 489 1568 corpus
509 1480 581 1568 ejus
596 1486 712 1557 nostro
730 1481 938 1553 monasterio
956 1481 1159 1548 continetur.

367 1597 584 1663 rnnononus.
608 1596 672 1662 Hic
688 1595 801 1683 jacuit
817 1595 852 1662 in
868 1595 1045 1682 cymiterio
1065 1595 1264 1664 Sanctorum
1283 1595 1362 1662 Ger-

279 1714 417 1782 iuverit.
432 1722 462 1777 ct
481 1710 655 1802 Prothcsii
672 1712 734 1795 (l).

366 1827 535 1895 Srcmnus.
552 1805 617 1894 Hic
633 1811 745 1916 jamrit
760 1827 797 1892 in
818 1827 934 1894 eodem
951 1827 1138 1914 cymiterio.
1288 1917 1290 1922 ,

365 1943 520 2012 smcms
534 1935 743 2011 Auunosrus.
764 1945 833 2011 Iste
854 1945 889 2009 in
913 1948 1029 2012 nostro
1050 1943 1256 2011 monasterio
1281 1963 1361 2009 con·

323 2061 464 2127 tinctur.

333 2263 336 2268 Ι
368 2176 522 2244 Snncrus
545 2178 726 2244 Aenrcrus.
756 2176 822 2241 Hic
844 2175 878 2239 in
895 2179 1013 2242 nostro
1034 2175 1239 2242 monasterio
1254 2176 1363 2242 conti·

325 2297 437 2370 netur.
547 2295 549 2300 '

367 2409 522 2476 Seuerus
546 2409 730 2475 Eunomus.
744 2399 812 2473 *Hic
831 2426 853 2472 a
877 2406 1082 2473 monasterio
1100 2403 1215 2471 Sancti
1234 2405 1363 2471 lohan-

324 2525 377 2590 nis
392 2525 427 2591 in
442 2524 604 2608 majorem
622 2511 797 2590 ecclesiam
809 2521 998 2590 translatus
1017 2525 1081 2588 est.

367 2639 523 2707 Seuerus
547 2639 696 2706 Pronus,
713 2637 788 2716 Hic,
809 2636 918 2704 trater
931 2635 1192 2724 predecessoris,
1206 2635 1271 2704 fuit
1290 2654 1362 2701 cum

320 2775 362 2822 eo
378 2755 577 2822 translatae

167 2897 170 2902 ·
274 2879 315 2942 '20
370 2871 524 2939 Seuerus
542 2873 624 2938 Lno.
651 2871 766 2938 Hicin
793 2874 910 2937 nostro
926 2870 1132 2936 monasterio
1158 2869 1361 2935 continetur.

370 2986 621 3055 Gonsrrrurus.

324 3079 326 3084 ¹
374 3103 529 3171 Seuerus
551 3103 769 3171 Andronius.

301 3239 303 3244 ·
374 3220 528 3287 Seuerus
553 3219 680 3286 Lupus.
708 3219 864 3307 Sepultus
884 3217 950 3286 fuit
973 3217 1015 3283 ad
1043 3215 1144 3303 pedes
1165 3226 1282 3279 sancte
1300 3211 1365 3278 Co-

323 3333 452 3402 lumbe.

283 3437 284 3440 ¹
308 3534 310 3540 ¹
372 3451 528 3519 Snncrus
550 3452 710 3518 Andrus.

373 3567 567 3633 Mnouurus.

355 3825 393 3892 (1)
403 3827 435 3874 Lu
445 3823 524 3874 meme
534 3827 614 3887 mein,
627 3825 657 3872 de
670 3824 695 3872 le
706 3824 741 3872 tin
755 3825 789 3872 du
801 3829 859 3872 1111·
868 3821 951 3884 siecle,
964 3819 1027 3868 dont
1039 3831 1104 3868 nous
1116 3833 1194 3868 uvons
1204 3819 1259 3880 deit
1270 3820 1367 3882 siguald

260 3949 262 3952 -
328 3918 449 3978 quelques
471 3916 654 3965 correctiouset
667 3916 711 3975 qui
727 3916 845 3962 nannete
858 3914 882 3962 le
902 3912 957 3959 liste
975 3912 1018 3958 des
1040 3911 1207 3972 erchevtques
1220 3911 1235 3958 d
1249 3912 1324 3972 parlin
1338 3913 1368 3960 de

330 4009 449 4060 Seoinue.
464 4007 573 4064 uniente
586 4006 621 4052 lee
641 4009 705 4052 mols
726 4004 854 4064 imprimes
869 4003 902 4050 ici
915 4015 947 4050 en
967 4001 1093 4061 italiques.
1108 4001 1128 4048 Il
1144 4015 1162 4062 y
1183 4002 1251 4049 avait
1267 4003 1366 4050 d'ebord

328 4097 395 4154 iacet
407 4109 439 4143 eu
455 4095 507 4145 lieu
519 4095 550 4142 de
558 4096 639 4153 jacuit
652 4094 708 4154 puis
720 4095 748 4140 in
763 4093 894 4152 cymiterio
905 4092 1033 4156 Senot....;
1048 4089 1063 4138 d
1075 4089 1177 4142 l'crticle
1189 4093 1290 4140 suivant
1301 4094 1367 4153 jacet

332 4199 347 4236 a
358 4187 395 4238 ete
404 4185 434 4237 de
448 4183 528 4238 meme
539 4185 633 4252 corrige
644 4197 676 4232 en
685 4186 774 4246 jacuit.
