3168 5012
725 555 916 624 -212..

344 695 400 762 28.
422 730 466 746 -
488 695 613 762 VKal.
641 696 900 764 -Sanctorum
922 697 1069 764 Simonis
1083 701 1118 767 at
1131 696 1227 764 Jude.
1250 697 1340 765 Obiit

303 813 321 880 J
325 813 475 892 ohannes
493 814 666 893 Trumelli,
684 835 820 901 proquo
835 814 937 885 habet
952 820 1149 897 conventus,
1165 837 1265 905 super
1275 822 1344 885 ter-

300 949 373 996 ram
389 929 430 996 de
444 929 641 1015 Gondelain,
661 951 725 998 vs.
740 936 767 999 t.

332 1045 388 1092 Pete
403 1046 435 1094 ab
452 1045 539 1093 abbate
553 1059 597 1106 pro
612 1046 656 1094 l’h.
672 1047 703 1094 da
720 1047 816 1094 samur.

345 1146 617 1242 2'9.-1V·Kal.
635 1145 783 1214 -Obiit
798 1144 968 1222 Matheus,
987 1145 1096 1225 miles,
1119 1165 1179 1233 pro
1198 1166 1262 1235 quo
1277 1144 1341 1211 ha-

297 1245 354 1332 bet
377 1270 561 1334 conventus
577 1263 664 1351 apud
683 1263 898 1340 Auxonnum,
917 1281 1016 1349 super
1030 1263 1164 1329 vineam
1179 1261 1340 1328 Oarnerii

298 1382 402 1448 Pouel
424 1403 486 1449 vs.
505 1384 547 1461 t.‚
565 1381 599 1448 vi
614 1380 646 1447 d.
671 1379 864 1463 elemosina,
891 1379 925 1446 ui
947 1378 979 1445 d.
996 1379 1199 1467 pulsatores.
1218 1380 1261 1448 Et
1279 1401 1339 1446 su-

295 1518 355 1585 per
380 1496 530 1564 eamdem
550 1498 684 1564 vineam
699 1495 739 1564 fit
758 1497 1029 1565 anniversarium
1051 1495 1188 1564 Henrici
1209 1496 1319 1582 Frays

304 1618 340 1681 in
361 1614 464 1684 Jutio.

342 1733 429 1804 Item
444 1731 527 1799 obiit
539 1731 653 1806 Fulco.
671 1731 868 1811 monachus,
885 1751 945 1819 pro
958 1751 1022 1818 quo
1034 1731 1138 1799 habet
1153 1734 1338 1798 conventus

299 1835 386 1936 apud
412 1849 628 1927 Anxonnum,
648 1868 748 1935 super
768 1853 903 1936 pratum
921 1853 956 1917 et
977 1868 1113 1914 censum
1131 1848 1188 1934 qui
1213 1847 1338 1915 dicitur

297 1962 411 2041 Fabri,
425 1963 485 2028 viii
507 1984 534 2030 s.
558 1968 600 2042 t.,
616 1964 713 2031 xiid.
736 1963 930 2044 elemosina,
947 1965 1043 2032 xiid.
1067 1965 1269 2054 pulsatores

327 2081 396 2128 Prior
416 2080 446 2128 de
460 2081 592 2128 Anxonno.

338 2171 393 2238 30.
411 2171 517 2236 -ΙΙΙ
539 2171 617 2239 Kal.
633 2205 677 2222 -
697 2171 788 2239 Obiit
814 2171 936 2239 Petrus
962 2172 1106 2256 Morelli,
1137 2171 1334 2250 monachus,

294 2306 355 2375 pro
373 2304 438 2373 quo
455 2287 558 2355 habet
573 2292 770 2370 conventus
792 2307 892 2374 super
908 2288 977 2355 tria
996 2292 1137 2375 arpenta
1152 2290 1248 2356 vinee
1271 2290 1338 2357 sita

294 2403 382 2500 apud
398 2405 593 2471 Bassiacum
612 2405 648 2470 in
667 2404 842 2471 territorio
867 2403 906 2469 de
930 2402 1106 2482 OassedoS,
1122 2405 1230 2473 xxviii
1257 2425 1285 2471 s.
1307 2409 1333 2470 t.

293 2523 327 2584 et
340 2507 376 2584 iii
392 2518 424 2585 d.
442 2519 627 2598 censuales,
649 2520 698 2585 xii
711 2519 743 2585 d.
762 2519 957 2597 elemosina,
973 2520 1020 2584 xii
1034 2518 1068 2584 d.
1079 2519 1285 2606 pulsatores,
1298 2519 1334 2583 in

293 2637 444 2704 crastino
459 2636 833 2704 Omnium-Sanctorum
848 2634 1104 2723 persolvendos.

323 2759 390 2809 lstud
403 2761 602 2809 anniversarium
615 2763 770 2822 computatur
782 2761 810 2809 in
820 2761 926 2808 crastino
938 2759 1242 2817 Omnium-Sanctorum,
1258 2763 1282 2806 et
1295 2758 1336 2807 die

292 2851 345 2909 illa,
357 2851 516 2912 scripbuntur
532 2852 571 2899 illi
587 2852 630 2912 qui
644 2852 742 2900 dabant.

337 2942 408 3011 Ista
433 2943 500 3030 die,
522 2943 622 3012 debet
647 2942 722 3011 fieri
743 2944 1012 3012 anniversarium
1033 2943 1127 3011 Petri
1155 2947 1189 3010 et
1210 2942 1336 3009 Eman-

287 3058 409 3153 taldis»
436 3060 544 3147 patris
573 3065 607 3126 et
633 3060 755 3127 matris
781 3060 947 3128 Johannis
964 3060 1005 3127 de
1033 3061 1195 3145 Fossatis,
1227 3080 1335 3146 quon-

293 3175 507 3264 damprioris
522 3177 677 3257 claustri,
695 3179 752 3267 qui
772 3177 956 3264 adquisivit
974 3181 1118 3263 quatuor
1131 3195 1283 3243 cameras
1299 3176 1335 3240 in

290 3293 569 3381 Pergamenaria,
587 3292 628 3359 de
645 3293 765 3380 quibus
782 3293 945 3361 habemus
959 3294 1168 3380 loquationes
1187 3291 1230 3360 ad
1250 3311 1335 3381 qua·

290 3415 371 3478 tuor
391 3411 568 3490 terminos,
585 3415 619 3479 et
639 3410 738 3477 xiid.
756 3412 825 3479 ista
842 3410 907 3478 die.

322 3535 389 3582 Istud
405 3534 605 3584 anniversarium
619 3536 777 3595 computatur
794 3535 823 3583 ad
838 3537 945 3596 quatuor
962 3534 1089 3582 terminos.

280 3702 284 3712 ,
335 3641 437 3708 31.-
451 3639 482 3704 ll
501 3639 577 3707 Kal.
596 3674 640 3691 -
654 3639 782 3727 Vigilia
797 3639 1186 3706 Omnium-Sanctorum.
1202 3637 1262 3705 Ob.

304 3793 307 3802 ’
327 3785 596 3853 'summatenus
610 3790 738 3852 ocensis
758 3789 834 3850 stne
858 3783 950 3851 blodo
970 3790 1009 3850 la
1027 3787 1069 3851 lb.
1084 3805 1157 3868 op.
1177 3787 1215 3850 tn
1227 3784 1260 3849 d.
