3164 5016
727 480 904 547 ..58-

295 623 436 700 viniani,
452 627 486 690 et
502 617 812 711 quidamparuulus
827 624 918 691 filius
937 645 1011 691 cum
1027 625 1098 711 jam
1116 624 1205 691 dicto
1219 629 1336 692 sancto

298 737 481 804 Saviniano
516 738 686 818 decollati,
723 741 857 826 sepulti,
895 740 1054 808 translati
1086 759 1125 806 ac
1154 741 1189 804 in
1220 738 1335 805 eadem

298 873 400 940 capsa
430 855 533 940 positi
568 854 728 934 fuerunt,
765 859 799 923 et
842 854 951 922 adhue
985 855 1123 924 insimul
1152 853 1337 939 honorifice

298 975 552 1049 conservantur.
572 990 575 996 ·

347 1221 390 1268 DE
414 1197 553 1270 sancnls'
575 1221 795 1271 MARTYRIBUS
817 1222 1005 1273 SANO'HANO
1029 1224 1072 1272 ET
1096 1224 1289 1273 Ancusrlno

343 1432 458 1499 Sancti
486 1436 655 1520 martyres
682 1433 811 1502 Christi
837 1436 1039 1502 Sanctianus
1068 1439 1102 1502 et
1130 1434 1339 1521 Augustinus

300 1569 374 1615 curn
397 1547 497 1615 beata
517 1549 677 1615 Columba
696 1551 828 1636 virgine
842 1555 1055 1636 etmartyre,
1078 1551 1184 1636 cujus,
1205 1554 1243 1617 ut
1260 1551 1347 1658 subr·

301 1663 473 1744 scribitur,
492 1666 733 1751 consanguinei
749 1671 848 1732 erant
863 1665 904 1732 ab
919 1667 1091 1752 Hyspanis
1106 1661 1244 1731 in'hanc
1261 1671 1341 1732 sunt

219 1819 228 1834 x
301 1781 447 1868 patriam
472 1781 632 1849 devoluti.
659 1783 737 1848 Hos.
748 1781 951 1848 Aurelianus
970 1783 1155 1869 imperator
1175 1783 1341 1868 martyrio
1360 1769 1363 1774 ⁵

254 1887 476 1964 isscoronavit
503 1917 577 1962 cum
606 1897 749 1982 quadam
774 1899 905 1982 uirgine
932 1898 1066 1962 nomine
1091 1897 1208 1975 Beata,
1227 1916 1342 1963 sorore

300 2011 443 2096 predicti
459 2013 568 2078 sancti
582 2014 770 2079 Sanctiani.
792 2013 939 2086 Quorum
956 2032 1096 2098 corpora
1115 2012 1247 2097 sepulta
1267 2011 1343 2076 fue·

302 2129 383 2192 runt
401 2127 436 2191 in
461 2127 602 2192 ecclesia
619 2127 709 2193 inter
725 2128 841 2208 vineas
865 2128 1000 2193 nomine
1018 2128 1167 2212 ipsorum
1188 2124 1343 2193 dedicata

302 2241 338 2304 in
352 2242 527 2308 territorio
543 2241 630 2326 quod
645 2243 787 2307 Sanceia
803 2240 938 2308 dicitur.
954 2240 1079 2306 Deinde
1092 2261 1173 2307 vero
1188 2238 1342 2306 adomno

303 2357 470 2442 Ansegiso
491 2355 531 2422 de
557 2355 710 2443 predicta
736 2358 877 2422 ecclesia
903 2359 939 2422 in
959 2357 1202 2424 monasterium
1227 2354 1341 2422 Sancti

304 2472 399 2538 Petri
416 2472 494 2538 vivi
512 2473 682 2540 translata
707 2471 856 2551 fuerunt,
872 2477 906 2540 et
926 2473 961 2537 in
976 2491 1162 2562 unacapsa
1180 2475 1344 2558 argentea

267 2611 275 2633 ·
303 2587 427 2672 posita,
458 2587 514 2654 ubi
538 2588 654 2654 multis
683 2588 857 2674 miraculis
871 2588 1077 2653 claruerunt.
1100 2587 1182 2652 Vita
1194 2586 1344 2672 ipsorum

306 2709 340 2770 et
352 2703 518 2770 Miracula
531 2704 565 2768 in
576 2703 648 2789 Jam
665 2702 754 2770 dicto
770 2702 885 2770 Sancti
899 2701 1217 2777 Petrimonasterio
1233 2701 1344 2767 eonti-

305 2822 441 2885 nentur.

409 3072 452 3120 DE
475 3072 612 3120 SANCTIS
635 3072 753 3120 nomon
775 3071 819 3118 ET
842 3070 999 3119 AUBERTO
1022 3069 1242 3118 MARTYRIBUS

257 3285 296 3349 20
350 3285 446 3352 Beati
469 3289 638 3370 martyres
660 3284 756 3349 Felix
778 3283 934 3348 sacerdos
954 3287 988 3350 et
1011 3280 1181 3348 Aubertus
1197 3278 1303 3346 levita
1323 3297 1343 3343 a

307 3399 405 3468 beato
417 3399 580 3487 Gregorio
594 3392 733 3467 doctore
747 3399 910 3486 Lingonis
923 3397 1018 3462 missi
1039 3395 1189 3461 fuerunt.
1202 3395 1246 3460 Et
1266 3393 1344 3458 dum

306 3514 444 3582 uerbum
465 3515 524 3581 Dei
544 3515 758 3602 predicarent
781 3512 1012 3600 aproceribus
1032 3507 1163 3598 prefate
1184 3507 1273 3574 urbis
1292 3508 1346 3573 di-

307 3630 416 3697 versis
430 3632 525 3717 penis
537 3631 730 3716 interempti
746 3633 836 3695 sunt.
846 3629 973 3693 Horum
986 3644 1137 3712 corpora,
1149 3624 1228 3690 dum
1241 3623 1346 3692 multo

308 3752 457 3833 tempore
476 3745 522 3810 ibi
543 3747 800 3831 requievissent,
834 3745 901 3808 Deo
929 3740 1142 3818 concedente,
1173 3741 1206 3803 in
1228 3738 1348 3804 mona-

311 3843 450 3930 sterium
472 3863 588 3928 Sancti
608 3861 702 3927 Petri
732 3879 792 3946 per
816 3858 972 3923 domnum
992 3854 1172 3921 Gebertum
1193 3853 1346 3920 abbatem

309 3977 492 4065 honorifice
514 3980 593 4044 sunt
611 3975 781 4042 translata
804 3978 838 4039 et
869 3971 990 4036 ibidem
1010 3972 1046 4035 in
1068 3990 1170 4056 capsa
1184 3973 1349 4056 argentea
1437 4001 1440 4006 ·

309 4112 369 4184 per
392 4093 549 4159 domnum
575 4089 773 4156 Gauiridum
799 4086 954 4154 abbatem
977 4084 1067 4154 facta
1086 4086 1245 4152 moderno
1266 4088 1348 4151 tem·
