3168 5012
634 548 832 614 -161-

218 693 353 758 domum
385 694 419 756 in
449 689 556 778 burgo
585 689 816 757 Sancti-Petri
849 688 1085 755 antedoniam
1111 687 1257 764 Morelli,
1297 775 1300 780 Ι
1416 713 1418 717 ·

216 809 418 885 tennatoris,
430 827 452 873 v
466 827 494 872 s.
513 810 556 884 t.,
572 807 606 873 vi
623 805 655 872 d.
674 806 869 882 elemosina,
881 811 915 872 et
930 806 962 871 vi
978 804 1011 871 d.
1030 804 1232 890 pulsatores.
1345 875 1352 884 .

247 925 403 972 Theobaldue
417 925 556 986 burgundi.

259 1011 638 1082 4.-11N0n.-0b.
1073 1087 1075 1094 ,
1230 1079 1231 1083 ,
1265 1083 1270 1116 ,ᾖ

262 1137 347 1210 54-
370 1131 489 1196 Nonis.
508 1128 654 1195 —Obiit
671 1128 847 1206 Alnaldus,
869 1127 986 1206 abbae,
1001 1135 1062 1213 pro
1078 1147 1143 1214 qno
1161 1126 1260 1196 debet

216 1251 356 1318 abbasv
383 1267 411 1312 s.
429 1265 501 1332 par.
521 1264 621 1330 super
641 1243 777 1310 furnum
800 1243 841 1309 de
861 1243 1058 1330 Malleyoto.

247 1365 340 1520 igne
355 1449 439 1516 VIII
455 1447 522 1514 Yd,
534 1483 577 1498 -
597 1447 688 1513 Obiit
706 1445 828 1526 Guidn,
848 1431 1009 1534 armiger,
1024 1445 1065 1513 de
1082 1403 1259 1528 Fontanis,

218 1589 278 1658 pro
305 1587 370 1655 quo
398 1566 497 1633 debet
522 1563 626 1631 abbas
654 1586 676 1630 v
699 1585 728 1630 s.
754 1585 854 1650 super
882 1566 1014 1630 vineam
1033 1565 1142 1633 'sitam
1159 1563 1261 1652 juxta

216 1687 347 1753 vineam
367 1680 547 1771 presbiteri
571 1681 612 1747 de
635 1681 839 1768 Saligniaco.

249 1799 563 1954 A7¹).lm-:V11Yd.-·
591 1883 681 1951 Obiit
705 1866 825 1963 Droeo,
848 1834 959 1951 dietus
982 1885 1173 1964 Baneelins‚
1199 1905 1261 1971 pro

217 2024 281 2091 quo
301 2002 403 2070 habet
423 2008 607 2069 conventus
621 1999 672 2067 'xv
693 2019 721 2067 s.
743 2006 769 2067 t.
794 2020 894 2088 super
910 2004 1011 2087 prata
1028 1999 1068 2066 de
1090 2001 1258 2067 Bessiaeo.

247 2128 314 2176 Istud
319 2127 520 2176 anniversarium
529 2129 683 2187 eompntetur
693 2126 720 2173 in
730 2126 871 2183 Novembri,
882 2125 943 2184 quie
951 2128 1011 2172 tune
1019 2123 1141 2172 debentur
1153 2121 1262 2173 iiiilibre

179 2205 190 2226 ⁹
218 2221 266 2264 tur.
283 2227 357 2275 super
369 2219 438 2276 prete
454 2215 484 2262 de
500 2214 611 2264 Bessieeo
633 2227 678 2275 pro
697 2214 743 2262 isto
766 2205 938 2262 anniversario
957 2217 981 2261 et
993 2213 1143 2275 quibusdem
1160 2213 1226 2274 eliis,
1238 2219 1263 2262 et

219 2305 265 2364 nii,
275 2306 319 2366 qui
333 2305 431 2366 debent,
442 2305 526 2366 scripti
541 2308 600 2355 eunt
612 2305 639 2352 in
654 2305 794 2352 Novembri.

261 2381 535 2468 8.-v1Yd.-
555 2383 720 2469 Obierunt
739 2399 811 2467 Odo
825 2405 860 2468 et
880 2401 1065 2480 Armanda,
1077 2422 1163 2470 uxor
1175 2401 1260 2490 ejus,

95 2566 98 2571 -
219 2538 279 2605 pro
301 2517 421 2604 quibus
440 2516 544 2585 habet
564 2522 749 2585 conventus
776 2536 876 2602 super
899 2518 967 2585 tria
994 2522 1137 2610 arpenta
1155 2523 1260 2596 terre,

197 2722 203 2730 1
220 2635 287 2700 sita
296 2634 398 2720 juxta
410 2633 499 2700 viam
513 2634 665 2716 Prurini,
680 2653 743 2719 que
763 2631 901 2700 fuerunt
925 2634 1082 2720 magistri
1093 2632 1263 2699 Guillelmi

220 2752 255 2816 et
268 2749 425 2834 magistri
447 2749 589 2816 Martini
610 2749 727 2826 Ooree,
747 2750 784 2813 ix
813 2769 842 2814 s.
858 2768 946 2834 pan,
964 2753 999 2815 et
1012 2749 1061 2814 xii
1076 2748 1108 2815 d.
1137 2750 1263 2817 elemo-

222 2861 306 2926 sina.

251 2977 318 3025 Prior
339 2976 371 3024 de
390 2978 485 3026 Neudo.

264 3067 345 3134 9.-
359 3067 391 3133 V
404 3065 470 3131 Yd.
493 3065 609 3132 -Ob.

266 3183 463 3249 10.-1111
489 3181 555 3248 Yd.
584 3216 628 3233 -
656 3181 822 3251 Obierunt
848 3182 1017 3251 Oobertus
1043 3187 1079 3251 et
1105 3182 1275 3261 Adelina,‘

217 3318 305 3365 uxor
316 3299 409 3392 ejus,
436 3297 478 3364 de
500 3298 681 3378 Anxonno,
712 3318 774 3385 pro
803 3298 923 3385 quibus
949 3298 1052 3365 habet
1078 3302 1263 3366 conventus

220 3433 321 3502 super
339 3419 487 3501 pratum,
509 3415 611 3482 situm
626 3413 728 3501 juxta
749 3413 883 3481 domum
904 3413 1054 3482 defuncti
1078 3413 1205 3481 Frandi
1222 3413 1263 3480 de
1331 3403 1334 3408 ’

219 3529 375 3608 Oorrilla,
392 3532 427 3595 ix
443 3550 471 3596 s.
491 3534 526 3596 et
538 3530 572 3597 vi
588 3529 621 3595 d.
640 3534 681 3608 t,
699 3534 733 3596 et
749 3530 782 3596 vi
799 3529 831 3596 d.
851 3529 1047 3596 elemosina.

254 3645 370 3693 silvester
386 3646 417 3694 de
433 3647 565 3703 duranno,
575 3645 687 3703 clericus,
705 3658 755 3694 xe.
852 3667 853 3672 =

266 3747 366 3812 ll.-
382 3746 433 3811 III
449 3744 660 3812 Yd.-Obiit
672 3743 690 3808 J
694 3743 809 3823 aeoba,
824 3743 943 3812 relicta
958 3740 1190 3830 Angerbaudi,
1203 3760 1264 3827 pro

220 3882 285 3948 qua
304 3861 406 3929 habet
421 3865 607 3929 conventus
631 3880 731 3946 super
754 3864 881 3926 terram
902 3880 945 3926 an
966 3857 1100 3945 Royiis,
1119 3857 1169 3923 iiii
1187 3876 1214 3922 s.
1234 3861 1262 3924 t.

252 3973 360 4024 Felisius
372 3977 402 4023 de
419 3977 531 4024 senonis.

259 4068 355 4113 Relicta
369 4067 495 4125 Emetr'ne,
513 4079 579 4112 uxor
588 4068 713 4113 Iohannis
727 4065 893 4112 PruvIneneie
902 4063 964 4111 dicti
975 4065 998 4109 Ie
1007 4063 1139 4109 Goutelier.

267 4161 416 4229 12.-11
433 4162 546 4229 Yd.-
563 4161 655 4230 Obiit
675 4165 829 4240 Beatrix,
843 4180 929 4227 uxor
943 4158 1094 4227 defuncti
1111 4158 1266 4228 Geufridi

202 4285 204 4288 ’
1067 4276 1104 4339 ll
