3168 5012
741 525 941 592 -162-

167 676 171 685 '
263 733 266 738 ,
321 663 482 754 Rullpro
492 685 558 752 qua
571 665 674 734 habet
685 670 870 732 conventus
880 667 916 732 in
928 685 991 732 rua
1004 683 1103 743 nova,
1115 683 1215 752 super
1226 661 1360 730 domum

277 772 279 776 ’
319 779 497 867 lapideam,
537 781 670 847 vineam
696 784 732 847 et
753 780 968 866 proprisiam,
1000 799 1032 844 v.
1055 798 1080 844 s.
1103 798 1177 865 par.
1203 779 1247 844 Et
1261 776 1361 844 debet

312 895 422 963 'abbas
441 915 503 984 pro
524 895 623 962 domo
640 893 681 962 de
701 894 918 983 Serviguiaoo
942 914 1003 982 pro
1022 895 1089 964 isto
1110 894 1357 972 anniversario,

316 1032 340 1078 x
351 1011 429 1078 deu.
445 1015 480 1080 at
494 1011 547 1078 ob.
567 1030 642 1098 par.

323 1181 325 1186 ,
344 1129 449 1176 Iaeobus
465 1125 655 1177 dietusduerrIs
666 1140 683 1174 v
697 1140 721 1179 s.
740 1129 934 1189 perdebannea
951 1128 983 1173 de
1001 1128 1133 1174 Atemente
1143 1132 1217 1176 tanet.
1239 1150 1267 1162 -
1279 1125 1361 1176 Abbas

314 1229 340 1265 x.
350 1217 375 1265 d.
384 1220 408 1264 et
418 1218 459 1265 ob.

361 1307 463 1372 13.-
477 1306 609 1373 Ydibus

362 1423 414 1488 14.
427 1459 472 1474 -
483 1424 566 1490 XVI
587 1365 666 1490 udal.
683 1423 816 1490 Marcii.
833 1422 1061 1490 -Valentini
1076 1423 1253 1510 martyris.
1268 1422 1360 1490 Obiit

316 1535 414 1624 Ilugo
433 1535 475 1604 de
494 1539 691 1626 Triangulo,
714 1539 809 1625 prior
821 1537 863 1604 da
877 1539 1056 1617 Auxonno,
1085 1559 1146 1626 pro
1171 1558 1235 1625 quo
1256 1538 1360 1606 habet

315 1657 499 1724 conventus
512 1675 612 1743 super
621 1655 680 1721 illa
700 1674 764 1741 que
779 1653 963 1740 adquisivit
976 1653 1063 1720 idem
1077 1654 1176 1741 Hugo
1191 1653 1305 1719 domui
1316 1650 1359 1718 de

314 1769 494 1850 Auxpnuo,
513 1791 537 1837 x
552 1791 581 1836 s.
598 1775 640 1850 t..
652 1771 703 1836 xii
716 1769 748 1837 d.
766 1769 962 1847 elemosina,
981 1773 1017 1836 et
1031 1769 1079 1834 xii
1096 1768 1128 1835 d.
1149 1768 1354 1856 pulsatores.

316 1925 319 1931 .
335 1884 414 1938 ΔΡτίοτ
425 1884 597 1934 deaurando.

320 2053 323 2058 ,
362 1977 462 2066 1ῆ.-
480 1977 546 2044 XV
566 1975 645 2044 Kal.
667 2015 690 2026 ··
713 1974 879 2044 Obierunt
891 1973 1084 2054 Durandua
1096 1976 1190 2062 prlor
1204 1974 1357 2051 claustri,

314 2092 349 2156 et
362 2088 587 2176 Emenjardis,
600 2107 697 2156 soror
713 2089 800 2175 ejus,
817 2107 880 2174 pro
893 2087 1014 2174 quibus
1025 2090 1119 2175 prior
1134 2086 1201 2174 [de]
1217 2087 1359 2154 Reciaco

314 2202 414 2272 debet
436 2224 460 2270 x
484 2221 513 2269 s.
534 2207 620 2282 tur-2,
639 2208 674 2270 et
698 2203 748 2269 xii
774 2202 969 2281 elemosine,
993 2207 1028 2271 et
1042 2203 1092 2268 xii
1113 2201 1355 2289 pulsatoribus,-
1384 2203 1397 2230 ⁸
1424 2225 1427 2229 ’

315 2337 416 2404 super
428 2318 488 2386 illa
511 2339 575 2405 que
601 2319 786 2406 adquisivit
801 2319 912 2389 dictus
932 2319 1111 2386 Durandus
1125 2322 1291 2407 prioratui
1315 2319 1357 2386 de

316 2434 529 2500 Rectam...
557 2431 603 2522 (1)

319 2567 323 2578 ·
348 2547 418 2595 Prior
433 2547 465 2595 da
479 2547 589 2596 lleelaeo.

287 2725 294 2734 κ
317 2685 321 2691 -
353 2638 463 2704 .16.-
478 2639 583 2704 XIIII
599 2638 726 2703 Kal-
741 2638 833 2705 Obiit
849 2638 1061 2705 Theubaldus
1077 2641 1196 2726 Baere‚
1213 2660 1274 2727 pro
1292 2643 1357 2727 quo
1435 2656 1443 2663 ·

314 2754 416 2822 babet
430 2759 628 2833 conventus„
639 2774 739 2842 super
750 2756 957 2841 quarterium
969 2757 1065 2822 vinee
1073 2755 1108 2820 in
1118 2757 1352 2834 Bello-Monte,

323 2869 347 2936 ii
366 2890 394 2935 s.
405 2890 486 2956 par.

348 2985 533 3034 I'besaurarius.
579 2997 582 3014 ¹

352 3077 461 3142 ·17.-
473 3077 560 3143 XIII
576 3076 655 3142 Kal.
669 3110 711 3127 -·
728 3077 787 3143 Ob.

317 3234 320 3244 .
362 3191 461 3256 18.—
475 3191 543 3257 XII
564 3191 641 3256 Kal.
658 3225 703 3242 -
717 3191 776 3258 Ob.
862 3221 864 3227 ·

362 3307 462 3372 19.-
480 3306 530 3371 XI
555 3305 633 3371 Kal.
651 3340 694 3355 -
708 3304 769 3372 Ob.

358 3421 461 3486 20.-
479 3420 514 3485 X
533 3420 612 3486 Kal.
633 3458 677 3472 -
692 3419 753 3486 Ob.

357 3533 460 3600 21.-
481 3534 531 3599 IX
552 3533 629 3599 Kal.
646 3568 691 3586 —
706 3533 767 3600 Ob.

224 3739 225 3742 Ἴ
358 3651 462 3718 22.-
473 3649 557 3716 VIII
572 3649 651 3716 Kal.
661 3685 704 3700 -
719 3649 889 3716 cathedra
905 3653 1014 3718 sancti
1028 3652 1132 3717 Petri.
1148 3650 1239 3718 Obiit
1252 3651 1357 3717 Theo·

315 3765 435 3832 baldus
450 3763 589 3841 Jubins‚
611 3784 672 3850 pro
710 3763 901 3851 quo'habet
933 3772 1130 3846 conventus,
1163 3787 1263 3854 super
1284 3767 1355 3833 xvii

315 3883 457 3967 arpenta
467 3884 571 3957 terre,
592 3879 660 3945 sita
675 3880 710 3944 in
725 3879 943 3947 chasseneIm
963 3886 998 3949 et
1014 3882 1050 3947 iu
1066 3882 1189 3961 Hurre,
1205 3887 1239 3949 et
1255 3901 1355 3967 super

158 4041 171 4060 .
314 3997 447 4062 vineam
474 3995 574 4064 sitam
596 3995 631 4058 in
647 3993 898 4063 liabeo-Monte
907 3996 1009 4084 juxta
1023 3998 1156 4063 vineam
1174 3997 1353 4084 presbiteri

351 4160 385 4224 (l)
399 4162 431 4209 Le
442 4174 480 4210 ms
496 4165 525 4211 55
537 4163 606 4223 porte
620 4163 653 4211 lei
670 4167 757 4223 quatre
770 4177 827 4224 gros
841 4165 922 4226 points
940 4168 1032 4217 barres.
