3180 5012
665 501 830 569 ..33-

228 645 271 709 rii
302 647 512 730 procurator.
546 643 777 714 Tremelactus
805 645 911 713 frater
943 646 1132 714 reverentie
1158 648 1270 733 gretie

229 758 343 824 oculos
359 760 496 845 pressit,
523 763 557 825 et
576 758 682 826 donec
697 761 842 840 abirent,
863 762 991 828 visione
1007 747 1172 830 sollicites
1189 780 1272 829 con-

230 873 367 959 quievit.
388 875 488 940 Mene
503 895 583 941 vero
601 873 704 954 secto,
721 874 883 944 fratribus
893 877 981 962 quod
997 877 1130 945 videret
1145 877 1268 958 refert;

230 990 286 1076 qui
305 1009 325 1056 a
345 989 487 1078 quodam
511 988 620 1057 fratre
634 991 737 1077 quare
762 993 826 1058 hoc
841 1011 907 1058 non
931 992 1133 1059 occultasset
1159 993 1273 1064 incre-

230 1108 341 1190 patus,
368 1105 484 1171 statim
515 1125 595 1192 egra
617 1127 639 1172 a
659 1105 956 1174 circumstantibus
970 1105 1140 1174 attollitur
1160 1108 1194 1173 at
1217 1107 1272 1174 die

230 1220 339 1286 tercia
354 1221 615 1291 viamuniverse
630 1223 744 1289 carnis
757 1228 809 1290 est
823 1223 1010 1310 ingressus.

169 1337 170 1340 ’
276 1335 416 1410 Quidam
441 1337 577 1403 nomine
602 1337 771 1404 Robertus
794 1337 978 1406 ambitione
999 1342 1133 1404 evectus
1159 1355 1272 1413 coram

232 1451 391 1538 religioso
425 1451 546 1520 abbate
583 1453 757 1540 Regnaldo
797 1459 831 1521 et
861 1452 1056 1540 quibusdam
1100 1453 1177 1523 aliis
1208 1451 1273 1520 fide

236 1565 348 1652 dignis
371 1569 473 1654 supra
495 1570 649 1635 sanctum
671 1568 779 1635 altare
795 1568 979 1655 perjurium
1002 1565 1100 1648 secit;
1124 1569 1182 1654 qui.
1201 1568 1274 1635 vita

168 1707 170 1713 ·
213 1683 388 1770 'privatur
411 1682 525 1750 triduo
540 1683 760 1770 vixperacto.
825 1696 827 1700 ’
1150 1763 1154 1769 .
1285 1689 1322 1754 lo

216 1818 218 1822 ·
278 1799 489 1885 Frequenter
512 1799 601 1864 enim
620 1798 779 1866 custodes
808 1819 988 1866 sacrorum
1003 1798 1177 1886 lampadas
1200 1799 1274 1868 sine

237 1915 384 1982 humano
409 1914 526 1982 fomite
551 1917 636 1982 ente
659 1933 790 1982 suorum
814 1915 925 1983 altare
940 1921 1122 1982 'succensas
1141 1915 1275 1982 invene
1353 1913 1357 1920 '

237 2037 329 2100 runt.

278 2149 430 2224 Quatuor
442 2147 592 2215 latrones
603 2147 757 2233 preciosa
770 2146 969 2216 monasterii
982 2145 1090 2213 iurari
1100 2146 1274 2234 cupientes

137 2280 150 2292 ’
234 2265 270 2329 in
297 2261 398 2350 hujus
417 2262 614 2329 monasterii
634 2282 670 2327 se
694 2261 884 2349 clangulum
910 2261 1165 2330 occultaverunt
1185 2261 1275 2330 alta-

234 2380 332 2464 rique
346 2377 592 2466 apropinquans
605 2378 758 2444 volentes
774 2376 934 2445 ridebant
946 2378 1084 2444 chorum
1094 2379 1275 2446 monacho·

235 2513 309 2559 rum
327 2491 542 2584 multitudine
560 2497 754 2561 sanctorum
778 2493 954 2580 repletum,
977 2499 1011 2562 at
1028 2495 1077 2561 sic
1100 2493 1160 2559 ille
1176 2497 1275 2564 nocte

235 2607 339 2673 nichil
362 2606 469 2673 furari
487 2611 683 2694 potuerunt.
710 2607 863 2674 Secunda
880 2628 961 2675 vero
979 2613 1090 2688 nocte,
1116 2609 1224 2676 tercia
1241 2613 1276 2676 et

235 2727 358 2809 quarta
369 2722 411 2789 ed
426 2725 668 2790 monasterium
684 2727 852 2791 uenerunt
864 2728 899 2791 et
910 2724 960 2791 ita
971 2725 1006 2788 in
1021 2724 1125 2815 choro
1140 2729 1275 2792 sanctos

236 2840 437 2906 invenerunt
458 2841 492 2905 et
512 2839 561 2904 sic
589 2839 714 2925 absque
726 2839 844 2925 aliquo
868 2838 1013 2926 dampno
1033 2816 1325 2914 monasteriumad

236 2955 413 3021 exierunt
422 2953 546 3021 Eodem
560 2973 642 3020 voro
655 2953 708 3019 die
720 2973 786 3039 quo
800 2955 930 3040 egressi
946 2957 1025 3022 suut
1038 2974 1058 3022 a
1070 2956 1276 3023 monasterio

236 3069 468 3156 comprehensi
487 3073 567 3135 suut
585 3092 606 3136 a
624 3067 794 3157 judicibus
810 3073 844 3136 et
868 3069 932 3137 hoo
957 3075 1016 3136 ore
1038 3072 1174 3159 proprio
1197 3076 1277 3140 sunt

237 3183 398 3251 confessiw

279 3302 321 3366 ln
335 3299 584 3386 sollempnitate
599 3300 696 3366 Beati
712 3300 819 3379 Petri,
838 3322 901 3388 que
918 3304 970 3369 est
985 3302 1092 3369 tercio
1112 3301 1276 3369 kalendas

236 3416 327 3500 lolii,
350 3421 425 3483 erat
444 3415 553 3483 altere
569 3415 810 3484 circumdatum
828 3417 1087 3504 preciosissimis
1099 3417 1221 3504 pannis
1242 3422 1277 3484 et

237 3533 381 3601 obsitum
393 3531 506 3619 palliis
518 3535 552 3599 et
565 3529 769 3617 lescitergiis
786 3532 1031 3600 decentissimis
1044 3537 1273 3619 preornatum.

237 3647 360 3714 Cereus
371 3667 451 3714 vero
466 3647 521 3732 qui
536 3650 614 3712 ente
630 3646 738 3712 altare
757 3648 886 3732 positus
905 3646 1017 3714 fuerat
1038 3648 1154 3713 eadem
1177 3651 1276 3714 nocte

239 3761 380 3847 expletis
393 3761 637 3827 matutinarum
656 3747 861 3846 sollempniis
873 3763 967 3828 venti
978 3762 1139 3828 violentia
1154 3762 1276 3828 ardens

238 3882 329 3946 terre
342 3874 473 3944 decidit
494 3880 529 3942 et
553 3877 643 3963 ignis
666 3877 997 3946 circumsevientibus
1016 3876 1162 3942 flammis
1185 3895 1278 3942 com·
1304 3937 1305 3941 ,

240 3991 335 4060 buxit
360 3992 473 4057 omnia
495 3992 710 4059 vestimenta.
736 3992 905 4067 Quantum
928 4013 1009 4079 ergo
1027 3993 1172 4059 vestium
1181 3991 1277 4078 jace-
1288 4003 1327 4068 30

240 4109 299 4176 bat
316 4117 418 4194 super
436 4107 614 4195 planiciem
633 4107 812 4174 marmoris
829 4127 850 4174 a
868 4109 936 4174 D'eo
956 4113 991 4178 et
1014 4107 1143 4195 angelis
1166 4114 1279 4174 conse·
