3164 5016
757 501 935 569 ...72-

324 641 377 712 dis
390 640 505 712 multis
522 645 558 710 et
569 640 702 729 magnis
722 643 859 732 regibus
878 642 1036 712 Basolum
1048 639 1164 708 ducem
1178 635 1360 724 Aquitanis

325 758 362 826 iu
380 757 758 828 carceremSenonicam
785 759 984 829 carceravit.
1007 755 1071 824 Sed
1093 755 1190 843 virgo
1213 752 1361 821 Theode-

212 903 215 910 ’
326 872 448 942 childis
462 893 483 940 a
495 877 591 961 patre
606 874 760 961 precibus
786 874 933 944 obtinuit
951 877 990 942 ut
1009 893 1085 940 eum
1101 873 1137 939 in
1157 869 1362 937 monasterio

325 989 440 1058 Sancti
452 991 546 1058 Petri
557 991 636 1058 Vivi
651 989 779 1060 faceret
791 991 990 1059 monachum
1005 991 1229 1066 tonsoratum,
1244 986 1363 1074 etipse

324 1107 378 1192 pie
389 1111 424 1174 et
437 1106 627 1174 voluntarie
642 1106 792 1194 predicto
808 1107 1012 1194 monasterio
1028 1105 1236 1172 Ma'uriacum
1250 1103 1286 1168 iu
1297 1100 1365 1168 Ad·

324 1222 444 1288 vernia
461 1220 676 1302 condonavit,
695 1223 898 1310 legittimum
918 1221 1045 1290 faciens
1063 1221 1316 1288 testamentum.

325 1479 370 1527 DE
396 1479 521 1528 maroni
546 1479 672 1529 auram
697 1481 741 1530 ΕΤ
766 1481 809 1530 DE
845 1478 1118 1532 consectandus
1141 1477 1363 1528 memorauit

371 1702 463 1790 Rege
486 1701 651 1770 Glodoveo
676 1707 794 1790 postea
818 1702 976 1771 defuncto
994 1707 1028 1771 et
1047 1701 1155 1771 tribus
1181 1699 1260 1767 filiis
1290 1700 1361 1766 suis

327 1817 543 1897 Theoderico,
559 1817 746 1887 clodomire
770 1824 805 1888 et
821 1819 1046 1898 childeberto,
1066 1818 1234 1886 clotarius
1250 1818 1361 1884 minor

281 1943 466 2022 toregnum
482 1935 688 2002 Francorum
703 1938 850 2024 suscepit
875 1957 918 2002 ex
941 1937 1075 2024 integro
1098 1932 1363 2023 gubernandum,

325 2051 569 2138 possessiones,
599 2051 710 2131 villas,
742 2052 896 2120 homines
919 2058 956 2120 et
976 2052 1155 2140 privilegia
1177 2071 1241 2137 que
1268 2055 1365 2137 pater

327 2187 406 2232 suus
430 2171 465 2234 ct
490 2185 587 2234 soror
612 2169 818 2236 monasterio
838 2169 953 2236 Sancti
971 2169 1066 2238 Petri
1088 2167 1297 2252 donaverant
1318 2165 1360 2234 ad

326 2283 581 2369 requisitionem
596 2281 684 2350 dicte
695 2282 822 2349 sororis
836 2282 889 2368 pie
901 2285 935 2348 et
944 2280 1133 2348 voluntarie
1145 2281 1364 2354 accrescendo

327 2398 453 2486 regalis
477 2398 692 2465 auctoritatis
716 2399 817 2465 anulo
843 2396 1065 2465 confirmavit.
1099 2398 1259 2484 Tempore
1283 2417 1363 2465 vero

328 2517 438 2583 sancti
466 2515 611 2594 Eraclii,
642 2514 845 2582 confessoris
873 2515 1114 2601 archiepiscopi
1141 2515 1363 2594 senonensis,

328 2632 563 2720 prenominata
596 2631 693 2719 virgo
734 2629 989 2697 Theodechildis
1027 2631 1155 2698 vicinos
1190 2630 1363 2718 pontifices

328 2749 506 2815 convocari
518 2745 600 2814 iecit
609 2767 669 2835 pro
685 2746 898 2825 dedicatione
911 2746 1108 2814 monasterii
1124 2745 1285 2814 iacienda
1303 2747 1366 2824 Qui

285 2887 286 2893 ¹
328 2865 470 2951 denique
491 2866 700 2952 congregati,
717 2863 795 2947 dum
812 2868 944 2931 noctem
964 2864 1217 2932 orationibuset
1237 2865 1364 2952 vigiliis

327 2981 488 3049 ducerent
515 2981 736 3068 insompncm,
760 2999 912 3046 meruere
932 2980 1048 3046 audire
1066 3000 1164 3048 voces
1191 2981 1362 3068 angelicas
1391 3063 1396 3074 ¹

278 3097 423 3165 iddulcc
447 3101 606 3165 canentes
634 3098 669 3162 in
693 3098 767 3184 ipsa
787 3095 937 3163 ecclesia.
969 3078 1069 3163 Mane
1088 3117 1168 3165 vero
1188 3097 1363 3185 pontifices

327 3214 557 3302 proximantes
572 3213 675 3280 altari
699 3217 930 3300 coguoverunt
952 3212 1060 3281 altare
1074 3217 1110 3280 in
1132 3213 1258 3280 honore
1279 3213 1364 3279 duo·

328 3330 434 3398 decim
464 3329 692 3417 apostolorum
720 3329 873 3418 angelica
899 3332 1025 3398 virtute
1058 3330 1220 3398 divinitus
1244 3351 1365 3398 conse-

328 3450 470 3514 cratum.
485 3446 537 3513 Ad
558 3445 733 3514 dexteram
761 3446 866 3533 ipsius
881 3447 1019 3535 majoris
1042 3447 1162 3514 altaris
1187 3450 1240 3514 est
1256 3448 1365 3515 altare

328 3563 426 3630 beate
440 3563 547 3628 Marie
564 3563 708 3651 virginis
726 3568 761 3631 et
777 3564 897 3632 matris
914 3565 986 3631 Dei.
1000 3563 1050 3631 Ad
1067 3564 1174 3631 levam
1191 3568 1243 3632 est
1257 3564 1365 3631 altare

328 3682 363 3745 in
386 3681 515 3747 honore
541 3679 632 3748 beati
659 3680 821 3767 Stephani
842 3679 1140 3768 prothomartyris,
1171 3683 1365 3747 sanctorum

329 3798 548 3862 Innoceutum
580 3800 614 3863 et
639 3797 748 3864 sancti
772 3796 944 3863 Benedicti
974 3797 1081 3883 patris
1107 3796 1228 3862 nostri.
1260 3797 1366 3863 Retro

329 3911 436 3998 majos
456 3912 565 3978 altare
586 3918 637 3979 est
658 3913 767 3980 altare
782 3913 817 3977 in
834 3912 961 3979 honore
977 3919 1169 3981 sanctorum
1185 3911 1366 4001 discipulo·

329 4047 403 4092 rom
428 4028 573 4106 Domini,
595 4029 788 4107 Saviniani,
819 4029 1017 4096 Potenciani
1033 4033 1068 4097 et
1093 4030 1213 4097 Altini.
1243 4029 1365 4097 Subtus

328 4145 437 4236 majus
457 4144 565 4214 altare
583 4151 636 4218 est
650 4147 759 4214 altare
775 4147 812 4217 in
834 4147 962 4216 honore
979 4149 1087 4217 sancti
1110 4147 1309 4216 Potenciani
1330 4150 1364 4213 et
