3168 5012
736 463 935 531 -220-

357 609 442 674 item
460 611 512 673 ott
534 609 566 674 d.
590 627 653 692 pro
673 617 779 673 matre
803 626 865 674 sno
883 607 1116 692 persolvendos
1139 611 1179 675 tn
1200 612 1354 676 erastino

308 721 579 790 Sancti-Moritur·
594 725 768 808 hyemalis.

352 841 404 904 ll.
418 875 462 890 -
477 841 511 906 ΙΙ
530 840 595 908 Yd.
614 839 823 922 -Martini‚
843 839 997 926 episcopi.
1022 839 1082 906 Ob.

352 953 424 1021 Hao
439 955 504 1034 die,
527 955 691 1023 debentur
709 955 896 1042 computari
920 955 1097 1042 pensiones
1116 956 1290 1024 vinearum
1304 957 1345 1024 de

309 1069 475 1140 Morderel
488 1077 523 1140 et
537 1074 636 1140 vinea
650 1073 690 1140 de
704 1073 738 1138 la
750 1071 857 1139 anre
870 1070 928 1159 (l).

337 1189 384 1238 Hie
401 1193 565 1251 eomparatur.

352 1281 425 1347 Hae
441 1280 495 1346 die
512 1280 795 1359 Sancti-Martini,
806 1279 909 1346 habet
923 1285 1119 1363 conventus
1134 1301 1234 1370 snper
1246 1283 1345 1370 plan-

309 1401 361 1464 tas
378 1395 496 1464 subtus
518 1417 633 1464 muros
649 1397 955 1480 Sancti-Johannis,
978 1398 1012 1464 vi
1032 1398 1055 1462 l.
1080 1403 1107 1465 t.
1128 1400 1165 1465 xi
1189 1421 1217 1466 s.
1232 1401 1293 1466 viii
1308 1401 1341 1468 d.

338 1513 384 1561 Hic
401 1516 564 1574 computatur.

352 1603 425 1668 Hae
449 1603 514 1682 die,
541 1602 645 1671 habet
660 1608 859 1682 conventus,
886 1625 985 1692 snper
999 1606 1132 1672 vineam
1153 1604 1242 1692 apud
1256 1605 1347 1672 Mal-

307 1721 648 1808 leyen-vicecomitis
661 1722 696 1786 in
713 1721 786 1787 loco
802 1722 858 1808 qui
871 1720 994 1791 dieitur
1007 1721 1040 1787 lu
1053 1721 1203 1788 Varoiile
1215 1723 1249 1786 in
1265 1743 1346 1789 oen-

308 1837 383 1902 siva
409 1836 550 1901 minoris
577 1836 793 1918 Domus-Dei,
825 1837 861 1902 lx
891 1857 919 1903 s.
956 1842 983 1904 t.
1009 1857 1076 1924 ·pro
1112 1837 1345 1904 anniversario

310 1952 426 2019 domni
452 1952 620 2042 Symonis,
654 1952 798 2031 abbatis,
830 1955 913 2021 etsi
938 1953 1040 2021 inerit
1064 1951 1215 2020 deiectus
1253 1952 1345 2018 solu-

307 2070 424 2148 tionis,
451 2090 512 2156 pro
531 2069 679 2156 quolibet
708 2070 773 2148 die,
802 2075 944 2156 possunt
963 2070 1068 2137 levari
1088 2089 1109 2136 a
1130 2069 1345 2158 pittenciario

309 2186 343 2252 vi
360 2185 394 2250 d.
420 2190 462 2263 t,
484 2187 569 2253 utin
589 2185 714 2252 litteris
730 2187 821 2252 curie
842 2186 1043 2253 Sunonensis
1064 2187 1268 2252 continetur.

337 2302 384 2348 Hie
394 2303 568 2362 computentur
581 2303 605 2347 et
620 2299 820 2348 anniuersarium
834 2300 861 2348 fit
873 2301 901 2348 in
912 2302 1008 2352 Martio.

339 2392 464 2438 Johunnes
478 2404 523 2438 sus
539 2391 590 2438 Auz
603 2395 667 2438 tonet
681 2391 707 2437 lx
719 2403 743 2438 s.
759 2395 779 2441 t.

352 2481 425 2547 Ista
443 2479 495 2546 die
511 2481 613 2548 habet
628 2486 811 2548 conventus
827 2482 913 2569 apud
929 2481 1342 2568 Maleyum·Vioecomitis,

308 2617 407 2685 super
427 2596 604 2684 qnamdam
617 2597 749 2664 domurn
765 2619 839 2664 cnm
858 2604 931 2666 tota
944 2600 1111 2686 porprisia
1125 2603 1160 2667 et
1176 2618 1275 2686 super
1287 2618 1345 2664 ar-

308 2715 444 2800 pentum
464 2713 560 2779 vinee
579 2713 633 2780 vel
656 2715 789 2781 circiter
816 2715 853 2780 lx
872 2735 899 2781 s.
926 2720 968 2794 t,
987 2714 1143 2782 videlieet
1164 2734 1225 2802 pro
1246 2715 1345 2780 anni-

307 2829 457 2894 versario
484 2829 649 2894 iohannis
680 2829 720 2895 de
745 2829 928 2906 PontibuS‚
958 2829 1135 2912 monachi,
1168 2835 1203 2896 et
1236 2831 1344 2916 patris

309 2947 343 3010 et
362 2945 502 3022 matris,
535 2950 569 3011 et
600 2965 660 3031 pro
680 2946 914 3012 anniversario
949 2946 1104 3032 magistri
1139 2943 1279 3024 Roberti
1304 2944 1344 3010 de

308 3058 464 3127 Orooiaoo
475 3065 509 3127 et
524 3081 585 3148 pro
596 3061 729 3128 domino
744 3063 762 3128 J
766 3061 868 3128 aoobo
882 3062 922 3128 de
931 3061 1146 3144 Valleedere,
1158 3062 1257 3126 xxiiii
1272 3082 1300 3124 s.
1315 3065 1338 3126 t.

352 3177 436 3242 Item
451 3196 511 3263 pro
527 3177 545 3242 J
549 3177 680 3244 ohanne
693 3178 879 3265 presbitero
896 3178 936 3244 de
948 3178 1162 3264 Saliigniaeo,
1178 3175 1341 3254 Guidone,

310 3293 491 3360 Hernando
506 3299 540 3361 et
555 3293 751 3381 quibusdam
773 3296 861 3373 aliis,
879 3296 986 3362 xxviii
1003 3315 1031 3359 s.

353 3409 440 3475 Item
455 3429 515 3496 pro
531 3410 688 3494 Henrioo,
704 3411 822 3489 milite,
840 3411 898 3477 viii
912 3430 940 3478 s.
959 3410 1000 3476 ad
1016 3429 1137 3494 penam
1152 3429 1221 3474 sex.
1237 3408 1270 3474 d.
1284 3427 1344 3495 pro

309 3525 441 3592 defectu
457 3525 550 3612 cujus
563 3525 645 3593 libet
657 3526 734 3592 diei.
1335 3527 1336 3534 ’

340 3645 484 3702 Stephanus
497 3646 598 3692 Bsilltet
609 3659 641 3692 xo
657 3659 678 3692 s.
692 3650 710 3692 t.

340 3737 433 3782 Feltsot
442 3736 535 3782 Baillot
544 3748 595 3780 xxo
608 3749 630 3781 s.
650 3740 668 3784 t.

342 3815 564 3872 Amerenenauote‘
580 3838 597 3869 x
612 3837 633 3871 s.
646 3829 664 3870 t.

339 3915 429 3976 Marte,
443 3915 535 3972 (emme
546 3915 675 3962 iohannin
683 3915 793 3974 Roonsrt
803 3927 820 3962 x
830 3927 851 3963 s.
870 3917 888 3961 t.

347 4129 379 4196 (1)
393 4130 424 4184 Lo
434 4130 478 4183 ΜΒ.
497 4132 524 4180 56
537 4130 618 4195 ajoute
632 4130 665 4183 iot
681 4130 805 4181 :Summo
820 4130 876 4183 xit.
887 4128 930 4178 xnt
939 4141 961 4180 s.
978 4127 1004 4179 ot
1017 4127 1047 4177 d.
