3168 5012
687 498 731 515 -
748 463 815 532 215
834 498 878 517 -

444 661 566 712 Munus
589 661 781 712 novenarius
805 661 917 740 nuuur
941 662 1016 711 runs
1038 663 1112 711 xxx

307 827 337 894 l.
354 860 397 879 -
413 823 587 892 Kalendis.
610 861 653 872 -
666 824 849 892 Festivitas
870 823 1254 892 Omnium-Sanctorum.

304 943 395 1010 Obiit
414 942 611 1020 Garnerius,
635 939 804 1020 sacerdos,
820 962 959 1029 proquo
975 941 1216 1020 debeteantor,
1237 951 1299 1008 ‘su-

261 1079 322 1147 per
343 1060 476 1126 vineam
493 1059 534 1125 de
554 1057 685 1137 Grevis,
708 1058 745 1123 iii
768 1078 798 1125 s.
821 1079 853 1146 p.

293 1175 393 1226 Cantor.

303 1266 388 1332 Item
413 1263 496 1330 obiit
526 1264 727 1352 Stephanus,
762 1264 880 1349 laicus,
909 1285 1060 1353 proquo
1089 1264 1187 1332 debet
1210 1263 1297 1330 idem

262 1385 393 1457 eantur,
410 1401 509 1468 snper
521 1379 645 1448 dietam
667 1381 815 1461 vineam,
832 1383 869 1448 iii
886 1402 913 1450 s.
931 1405 963 1468 p.

303 1498 374 1566 Iste
390 1497 455 1577 die,
479 1517 539 1584 pro
557 1499 790 1566 anniversario
807 1499 992 1587 Regnardi,
1023 1499 1184 1577 centoris,
1211 1497 1297 1584 quod

257 1613 297 1682 fit
314 1616 348 1680 in
363 1615 537 1693 tannarie,
560 1634 660 1702 super
672 1618 800 1682 terram
811 1615 913 1702 juxta
928 1619 1038 1682 ortum
1055 1614 1292 1688 Sancti-Petri,

260 1728 438 1810 debentur,
457 1753 481 1796 x
496 1751 525 1798 s.
540 1735 567 1798 t.

288 1855 379 1903 Relicta
394 1856 506 1904 deiunuti
519 1856 654 1904 Metuebant.

290 1947 360 1992 Celet
375 1948 400 1992 te
416 1947 511 1992 Muille.

302 2046 375 2112 Ista
389 2043 455 2122 die,
472 2043 637 2110 debentur
653 2044 740 2131 apud
753 2042 993 2130 Saligniaeum,
1013 2061 1112 2129 super
1131 2041 1297 2109 heredita·

260 2162 328 2226 tenu
350 2158 474 2224 domini
494 2160 588 2225 Petri
603 2159 642 2225 de
663 2159 875 2237 Bella-Avia,
891 2158 1084 2245 presbiteri,
1104 2157 1140 2224 lx
1156 2180 1183 2226 s.
1201 2163 1228 2226 t.

288 2273 344 2322 Milo
360 2276 390 2322 de
406 2275 521 2338 viciniis,
532 2276 679 2324 eludens.-
690 2275 795 2332 Tieeom,
809 2275 871 2322 ierne
885 2275 993 2330 dedunet
1003 2273 1090 2321 Ruhim
1102 2275 1193 2326 Perert.

289 2493 372 2540 Petrus
389 2493 470 2541 dietus
485 2493 609 2541 Berruiers
619 2491 683 2542 lxxii
696 2505 717 2542 s.
731 2493 749 2542 i.
767 2491 811 2554 (Ι).

287 2581 400 2644 Michael,
418 2582 606 2630 dietuefluileuu
624 2582 654 2630 de
670 2582 812 2630 Viuo-Novo
827 2581 908 2630 viiie.
925 2585 946 2628 t.

302 2681 374 2746 Ista
400 2680 465 2758 die,
488 2680 651 2746 debentur
670 2700 731 2767 pro
751 2682 984 2747 anniversario
1005 2681 1100 2748 Petri
1121 2654 1162 2747 de
1185 2681 1296 2772 Char-

257 2797 364 2872 niaeo,
384 2797 644 2883 archiepiscope,
661 2799 746 2880 quod
764 2801 801 2881 fit
824 2801 865 2862 iu
884 2799 1043 2882 Aupusto,
1065 2817 1165 2884 super
1191 2817 1292 2864 unum

257 2916 434 2998 arpentum
452 2913 550 2978 vinee
563 2914 598 2978 in
613 2912 745 2992 Grevis,
763 2935 810 2978 xx
826 2933 852 2980 e.
870 2917 898 2980 t.

289 3021 407 3079 butemie.

289 3119 345 3166 thu
364 3117 439 3174 Verpi
448 3118 494 3163 eiii
507 3130 529 3164 e.
542 3123 560 3164 t.

273 3259 275 3264 ,
290 3207 395 3254 teutone
408 3206 514 3255 Moriens
525 3211 598 3254 tenet.
1180 3253 1182 3260 Α

286 3293 416 3343 tubunnis
431 3297 514 3342 dictus
530 3297 650 3356 Rudinus,
665 3297 734 3353 titius
745 3297 835 3344 Rudini
847 3299 937 3344 Perert
949 3301 1014 3344 tenet
1030 3300 1055 3344 tx
1070 3298 1130 3344 etuti
1147 3311 1169 3344 e.
1182 3302 1200 3343 t.

288 3387 352 3433 Item
369 3386 425 3432 Gito
440 3387 471 3431 de
490 3377 567 3443 Verpi'
578 3387 623 3431 viii
634 3399 656 3432 e.
675 3391 694 3438 t.

299 3484 372 3550 Ista
394 3483 448 3549 die
468 3483 631 3550 debentur
650 3505 710 3571 pro
735 3487 875 3574 Hugone
903 3485 943 3552 de
964 3485 1125 3568 Viciniis,
1138 3486 1233 3574 eujus
1252 3485 1292 3553 fit

259 3600 527 3666 anniversarium
558 3602 593 3666 in
617 3601 813 3688 Septembri,
841 3620 940 3689 super
964 3603 1096 3669 vineam
1115 3603 1150 3668 in
1182 3585 1294 3668 beluo-

260 3717 385 3810 Monte‚
404 3716 507 3782 viiie.
527 3721 551 3782 t.

291 3840 442 3889 Methurinus
453 3841 586 3890 deuterius.

198 3929 200 3931 ’
290 3931 413 3978 Girerdus
424 3933 515 3990 Jouep.

288 4119 322 4184 (1)
334 4121 365 4167 Le
377 4121 420 4171 Me.
433 4122 461 4168 56
474 4121 555 4180 ajnnte
570 4121 603 4169 ici
616 4141 621 4169 ι
638 4123 732 4170 Rubtns
744 4125 842 4171 Perert.
855 4148 886 4162 -·
901 4123 948 4172 Tb.
963 4125 1064 4172 Rouiere
1077 4126 1139 4174 texit
1150 4140 1172 4178 e.
1188 4131 1205 4174 t.
