3180 5012
756 470 903 536 ..6-

310 613 417 699 gisus,
432 613 485 678 vir
509 610 702 690 laudabilis,
720 612 924 679 Senonensis
951 612 1235 698 archiepiscopus,
1251 630 1271 677 a
1290 612 1350 678 Jo-

310 728 421 796 hanne
440 747 527 814 papa
547 728 754 813 impetravit,
776 727 991 813 predicteque
1010 727 1215 793 monasterio
1235 726 1350 794 Sancti

309 843 404 909 Petri
414 843 492 909 Vivi
507 842 711 909 Senonensis
734 840 947 907 condonavit.
971 842 1118 907 Domnus
1137 840 1240 907 abbas
1257 839 1350 905 Gau·

309 954 416 1027 fridus
435 957 595 1022 scrinium
611 960 821 1042 argenteum,
842 957 877 1021 in
897 975 960 1041 quo
981 960 1068 1032 erat,
1086 960 1227 1042 argento
1247 961 1281 1022 et
1297 954 1350 1020 ia-

308 1070 402 1137 brica
413 1073 603 1139 renovavit.

352 1185 458 1264 Item,
480 1185 621 1270 reliquie
646 1185 687 1251 de
706 1185 918 1252 vestimentis
944 1185 1053 1252 sancti
1072 1184 1207 1269 Hylarii
1234 1183 1349 1250 Picta-

307 1298 421 1363 vensis
437 1297 527 1365 dicto
544 1300 749 1365 monasterio
768 1303 1024 1366 conservantur.

307 1439 315 1448 ·
352 1413 450 1494 Item,
468 1414 629 1499 reliquias
648 1414 688 1480 de
709 1413 826 1502 digitis
847 1414 955 1480 sancti
976 1413 1117 1480 Martini
1143 1414 1347 1479 Turonensis

308 1547 559 1596 conservamus.

228 1630 238 1650 ⁸
260 1639 295 1700 ¹0
349 1641 476 1729 Corpus
496 1645 605 1710 sancti
625 1644 786 1724 Ebbonis,
800 1645 899 1732 hujus
914 1645 979 1710 loci
995 1645 1150 1711 monachi
1166 1650 1200 1711 et
1213 1643 1346 1711 abbatis

305 1762 405 1843 atque
421 1758 624 1824 Senonensis
642 1759 824 1845 pontificis,
835 1760 1038 1826 tumulatum
1051 1759 1115 1826 fuit
1130 1761 1165 1825 in
1178 1760 1268 1826 dioto
1280 1780 1347 1825 mo·

304 1874 454 1940 nasterio
482 1874 597 1942 Sancti
618 1875 726 1940 Petri.
753 1874 839 1939 illud
865 1879 1085 1941 conservatur
1108 1877 1144 1941 in
1165 1895 1266 1961 capsa
1288 1895 1348 1940 ar-

304 1992 438 2074 gentea,
461 2009 560 2074 quam
583 1989 725 2054 domnus
747 1987 930 2080 Gaufridns
950 1988 1053 2054 abbas
1072 1988 1152 2056 fecit
1176 1989 1216 2055 ob
1237 1990 1344 2057 sancti

305 2105 530 2198 reverentiam
550 2101 723 2170 fabricari.

348 2218 494 2284 Insulam
514 2219 772 2302 sacerdotalem,
787 2239 861 2286 oum
874 2240 940 2304 qua
955 2219 1120 2306 sepultum
1137 2217 1201 2285 suit
1218 2218 1342 2287 dictum

303 2353 425 2421 corpus
441 2335 550 2400 saneti
563 2334 723 2412 Ebbonis,
734 2334 917 2400 honorilice
932 2353 1186 2400 conservamus.

258 2488 260 2493 ·
347 2450 446 2526 Item,
477 2468 618 2535 corpora
640 2454 833 2516 sanctorum
860 2456 1003 2535 quatuor
1027 2447 1256 2516 consessorum
1284 2452 1356 2522 Ser

302 2566 502 2630 nonensium
524 2564 850 2650 archiepiscoporum
865 2563 1051 2646 beatorum,
1078 2563 1235 2631 videlicet
1256 2565 1345 2630 Leo-

303 2680 370 2758 nis,
393 2679 554 2754 Ursicini,¹
571 2679 699 2764 Agricii
717 2683 751 2744 et
765 2678 935 2743 Ambrosii
949 2699 1010 2764 per
1029 2677 1259 2765 supradictum
1276 2678 1346 2743 lau·

254 2793 446 2860 nodabilem
463 2795 572 2859 virum
587 2793 790 2880 Ansegisum
810 2785 1035 2860 Senonensem
1055 2793 1342 2880 archiepiscopum

301 2908 480 2975 habuimus
496 2929 560 2993 que
579 2907 761 2974 honorifice
781 2928 1030 2975 conservamus.

345 3025 444 3101 ltem,
462 3023 497 3086 in
518 3028 634 3089 nostro
655 3023 861 3116 monasterio
885 3024 1024 3108 reliquie
1043 3024 1151 3090 sancti
1168 3023 1253 3108 Lupi
1268 3043 1341 3088 ser-

228 3136 230 3142 '
300 3142 437 3214 vantur,
469 3158 552 3223 quas
578 3137 702 3203 habere
728 3143 924 3208 mernerunt
948 3138 1203 3224 predecessores
1230 3139 1340 3204 nostri

302 3253 435 3336 quando
449 3252 655 3318 translatum
674 3250 739 3319 fuit
760 3272 880 3339 corpus
906 3253 1000 3339 ejus;
1033 3255 1124 3319 inter
1152 3271 1234 3338 quas
1259 3253 1342 3318 reli-

303 3370 399 3456 quias
420 3369 581 3434 annulum
599 3368 774 3454 quemdam
792 3368 832 3432 de
848 3369 918 3433 suis
934 3368 1068 3433 annulis
1090 3367 1280 3464 habuimus,
1305 3371 1340 3432 et

302 3488 522 3551 conservatur
553 3482 738 3549 honorifice
763 3485 798 3548 in
825 3485 978 3569 prioratu
1006 3488 1123 3549 nostro
1143 3483 1184 3550 de
1205 3482 1337 3560 Naudo,

302 3599 370 3676 nbi,
389 3599 430 3665 ob
445 3600 553 3666 sancti
582 3600 667 3685 Lupi
688 3601 822 3677 merita,
839 3598 925 3666 fiunt
939 3599 1120 3665 multorum
1133 3597 1340 3663 infirmorum

301 3714 513 3793 curationes,
540 3718 575 3780 et
601 3715 635 3778 in
663 3713 778 3778 eodem
807 3714 880 3803 loco
903 3713 1112 3798 reliquie'de
1137 3713 1340 3779 indumentis

302 3828 568 3896 sacerdotalibus
603 3829 639 3893 in
676 3834 837 3913 argenteo
872 3829 997 3893 scrinio
1040 3833 1231 3904 servantur,
1264 3848 1338 3892 cum

199 3957 202 3962 ·
252 3954 290 4017 30
303 3942 420 4026 quibus
441 3943 528 4008 idem
558 3948 695 4009 sanctus
733 3945 846 4028 Lupus
871 3943 1024 4033 pontifex
1054 3943 1233 4010 missarum
1268 3943 1338 4011 sol·

301 4057 448 4150 lempnia
466 4057 667 4130 celebrabat.
