3164 5016
204 717 294 784 rexit
309 715 484 783 ecclesiam
512 715 747 783 senonensem.
775 715 884 802 Prope
909 716 1042 802 portam
1072 714 1235 796 civitatis,

201 838 305 921 ,prout
333 833 486 922 superius
506 832 632 900 dictum
659 836 723 910 est,
751 829 905 897 fundavit
932 831 1173 898 monasterium
1202 831 1237 900 in

203 949 332 1017 honore
367 954 558 1017 sanctorum
584 952 773 1033 martyrum
803 946 957 1014 Gervasii
986 951 1020 1014 et
1051 947 1236 1026 Prothasii‚

203 1066 290 1155 quod
309 1067 470 1136 moderno
484 1072 634 1154 tompore
647 1065 761 1132 Sancti
776 1065 899 1131 Leonis
915 1064 1049 1132 dicitur.
1068 1066 1107 1130 In
1123 1062 1238 1131 eodem

202 1183 408 1251 monasterio
427 1183 534 1251 turris
555 1180 713 1248 mirande
736 1180 927 1248 altitudinis
955 1185 1030 1248 erat
1061 1199 1238 1269 perquem

203 1304 353 1386 tempore
367 1299 610 1389 persecutionis
619 1297 767 1365 Ecclesia
785 1298 910 1387 pagani
924 1297 959 1362 in
974 1297 1145 1365 civitatem
1165 1315 1240 1364 res·

203 1405 371 1502 piciebant
390 1421 425 1485 et
433 1416 623 1506 jactabant,
639 1415 696 1482 sed
716 1414 927 1502 postmodum
942 1415 1031 1482 cives
1048 1415 1139 1480 illius
1158 1432 1240 1502 pace

204 1515 336 1601 reddita
350 1533 391 1600 ob
405 1521 542 1601 oausam
566 1532 752 1621 predictam
777 1533 900 1600 turrim
924 1530 1177 1600 destruxerunt.
1198 1531 1241 1598 In

201 1637 352 1736 predicto
379 1651 587 1719 monasterio
605 1649 723 1716 heatus
754 1647 930 1714 Ursicinus
958 1647 1139 1715 monachos
1166 1666 1243 1714 con·
1325 1693 1329 1698 -

136 1793 138 1797 ·
202 1768 358 1856 gregavit
373 1768 462 1834 inter
477 1785 561 1853 quos
576 1765 672 1852 quasi
695 1784 782 1830 unus
805 1783 848 1829 ex
873 1765 922 1830 eis
936 1763 1071 1832 vivebat
1091 1785 1158 1832 non
1182 1764 1242 1832 de·
1253 1781 1289 1847 10

202 1904 320 1950 serens
336 1881 546 1949 sermonibus
560 1884 595 1947 et
614 1880 775 1966 exemplis
789 1879 956 1946 instruere
980 1881 1163 1948 civitatem.
1178 1881 1243 1948 Hic

122 2032 125 2038 ,
205 2008 280 2063 cum
297 1996 395 2063 beato
414 1995 558 2081 Hylario
573 1998 608 2061 et
625 1994 701 2062 aliis
727 1995 890 2082 episcopis
910 2015 1022 2062 coram
1040 1993 1241 2064 Consi-aneio

200 2113 404 2199 imperatore
426 2116 545 2179 contra
563 2112 731 2179 Arrianus·
752 2111 922 2179 hereticos
949 2111 1046 2182 affuit
1061 2113 1241 2181 ueritatem
1270 2179 1272 2184 ,

200 2227 377 2317 predicans
397 2233 431 2299 et
454 2227 641 2296 affirmans
675 2229 758 2297 Post
780 2229 842 2295 hec
860 2250 940 2296 vero
964 2230 1000 2295 in
1020 2249 1101 2319 pace
1124 2229 1240 2297 multis

199 2347 310 2412 clarus
340 2345 523 2414 virtutibus
558 2347 734 2434 requievit.
764 2345 921 2433 Sepultus
947 2346 1012 2416 suit
1038 2349 1073 2417 in
1098 2346 1240 2414 ecclesia

201 2481 300 2550 qnam
335 2482 436 2552 prope
465 2467 597 2550 portam
628 2468 886 2546 consecraverat
923 2465 1085 2534 civitatis.
1115 2465 1239 2532 Postea

199 2597 318 2665 corpus
338 2580 443 2666 ipsius
461 2579 667 2647 translatum
696 2580 761 2648 init
785 2579 821 2646 in
855 2582 1095 2649 monasterium
1121 2580 1236 2651 Sancti

199 2683 294 2762 Petri
306 2695 385 2762 vivi
399 2715 473 2762 cum
500 2700 618 2763 sancto
648 2697 760 2762 Leone
788 2695 950 2784 predicto.
977 2697 1124 2764 Do'mnus
1145 2695 1238 2765 Gau-

201 2799 309 2877 fridus
340 2811 444 2878 abbas
472 2811 551 2878 huic
578 2831 716 2899 capsam
747 2815 943 2901 argenteam
974 2811 1055 2882 fecit
1080 2813 1238 2882 similiter

199 2915 370 2995 fabricari.
1244 2933 1285 3003 20

198 3176 242 3226 DE
273 3177 425 3228 CORPORE
447 3178 568 3230 SANCTI
590 3179 718 3230 naalon
749 3177 951 3231 SENONENSIS
981 3180 1235 3250 eacmarlscorr

239 3384 364 3453 Beatus
383 3385 553 3472 agricius,
574 3386 776 3454 Senonensis
798 3388 1084 3476 archiepiscopus,
1104 3389 1234 3459 Christi

198 3498 379 3586 confessor,
410 3501 464 3568 uir
492 3502 738 3589 preclarissime
770 3505 963 3572 sanctitatis
986 3505 1102 3573 multis
1121 3507 1233 3574 virtu-

196 3615 286 3681 tibus
311 3617 457 3697 claruit;
490 3619 546 3704 qui
579 3619 740 3706 migravit
768 3620 919 3688 aseculo
941 3621 1029 3708 ydus
1051 3623 1156 3709 junii,
1183 3643 1232 3689 se·

195 3733 309 3820 pultus
329 3734 365 3798 in
379 3733 520 3801 ecclesia
534 3735 648 3804 Sancti
663 3737 786 3804 Leonis
807 3759 908 3826 prope
921 3743 1051 3826 portam
1068 3739 1229 3819 civitatis,

195 3853 230 3917 et
253 3856 371 3937 postea
396 3873 456 3939 per
486 3852 644 3920 domnum
672 3854 873 3942 Ansegisum
902 3876 976 3922 cum
1000 3854 1128 3923 duobus
1154 3857 1231 3923 aliis

117 3981 119 3986 ·
196 3969 323 4034 sanctis
350 3968 554 4056 supradictis
576 3971 615 4036 ¹in
647 3973 888 4040 monasterium
902 3972 1022 4040 Sancti
1040 3974 1135 4041 Petri
1151 3974 1230 4042 vivi

196 4102 317 4172 corpus
340 4085 446 4172 ipsius
476 4085 544 4200 fuit
573 4086 722 4158 delatum
749 4093 784 4158 et
807 4089 853 4158 ibi
881 4087 1064 4169 honorifice
1091 4109 1229 4180 conser-

193 4203 305 4268 ratur.
