3168 5012
682 507 881 577 ..253-

309 651 407 730 Item,
435 656 470 720 et
493 653 608 718 seront
623 653 723 718 tenuz
749 647 833 719 lesd.
851 650 1005 719 fermiers
1034 671 1076 718 ou
1100 667 1301 738 procureurs
1365 651 1367 658 '

265 766 357 834 desd.
376 767 499 855 rhages
512 769 546 834 et
559 767 656 833 ceulx
670 769 738 854 qui,
755 788 798 835 ou
812 772 920 856 temps
940 757 961 834 a
981 768 1112 847 avenir,
1126 769 1302 834 menerout

261 889 296 952 et
318 885 536 972 executeront
549 885 672 972 icelluy
685 887 803 974 veage,
821 885 862 952 de
876 885 974 973 jurer
990 889 1025 952 et
1037 887 1237 973 promectre,
1258 900 1300 948 en

264 1001 298 1066 la
312 1001 402 1067 main
422 1000 501 1068 dud.
518 1003 633 1089 prieur
647 1001 687 1068 de
703 980 1036 1090 saint-Loup-de-No
1052 1007 1087 1070 et
1103 1001 1148 1068 du
1165 1000 1302 1080 commis

263 1116 304 1183 de
325 1117 634 1185 Saincte-Colombe
660 1124 694 1187 et
716 1118 757 1185 de
779 1119 870 1186 leurs
887 1139 1111 1198 successeurs,
1140 1117 1238 1205 qu’ils
1261 1135 1303 1181 ne

262 1232 463 1314 docuerunt,
485 1241 688 1322 presteront‚
706 1237 893 1324 prendront
912 1257 955 1304 ne
973 1237 1162 1306 alienarunt
1175 1253 1303 1301 aucune

263 1353 364 1421 chose
386 1375 427 1420 en
452 1353 550 1423 effect
575 1361 610 1424 et
631 1357 810 1425 substance
825 1356 905 1424 dud.
934 1356 1067 1424 bencist
1094 1355 1196 1434 saint,
1224 1373 1299 1431 reu,

262 1472 486 1561 pelecinages,
503 1473 721 1562 indulgences
738 1480 773 1543 et
787 1475 947 1563 pandens,
977 1472 1046 1541 fort
1064 1474 1250 1540 seulement
1267 1491 1303 1538 ce

264 1591 320 1677 qui
343 1594 395 1657 est
415 1590 548 1659 declaro
572 1595 608 1658 es
631 1593 768 1660 articles
797 1592 994 1681 precedens,
1026 1611 1107 1660 avec
1134 1591 1167 1657 la
1184 1590 1245 1658 rie
1270 1593 1305 1656 et
1419 1583 1423 1595 '

266 1707 421 1774 miracles
445 1707 489 1774 du
514 1707 628 1777 benoit
655 1711 758 1789 saint,
787 1731 913 1778 comme
933 1711 1017 1778 Dieu
1043 1729 1064 1776 a
1088 1705 1153 1777 fait
1178 1712 1212 1776 et
1242 1705 1305 1774 fait

265 1823 394 1890 chacun
406 1824 494 1911 jour.

312 1938 409 2019 Item,
432 1945 467 2008 et
484 1961 519 2007 se
533 1944 651 2028 proces
672 1962 707 2008 se
729 1943 879 2010 mouvoit
894 1946 914 2009 a
929 1961 1028 2009 cause
1045 1940 1085 2008 de
1100 1939 1168 2010 lad.
1189 1944 1304 2030 queste

267 2076 351 2144 pour
365 2057 414 2123 les
430 2059 641 2126 sanctuaires
655 2060 711 2146 qui
726 2064 841 2128 serunt
853 2064 979 2147 porteu
993 2059 1075 2126 lesd.
1093 2059 1214 2146 eglises
1231 2078 1305 2126 con·

262 2173 465 2260 jointement
476 2179 592 2243 serent
599 2182 718 2244 tenues
730 2176 770 2242 de
780 2178 951 2245 soustenir
968 2176 999 2242 le
1015 2179 1145 2263 proceS,
1156 2174 1305 2249 chacune

268 2289 361 2356 selon
378 2310 416 2356 sa
432 2292 581 2378 porcien,
597 2313 718 2360 envers
735 2297 813 2361 tous
833 2297 867 2361 et
884 2297 1000 2360 contre
1012 2297 1110 2372 lous;
1126 2294 1161 2358 et
1180 2290 1305 2378 parcil-

266 2406 403 2485 lement,
428 2409 599 2494 se'proces
618 2429 652 2474 se
671 2414 764 2478 ment
784 2414 900 2477 contre
918 2409 1015 2476 ceulx
1033 2407 1073 2474 de
1093 2407 1304 2494 Saint·Loup

268 2522 309 2588 de
324 2523 459 2603 Serene,
474 2545 516 2590 en
531 2529 607 2592 tant
620 2525 823 2612 qu’ils‘dient
837 2527 933 2594 avoir
946 2525 989 2592 du
1003 2545 1099 2613 corps
1113 2529 1147 2592 et
1161 2524 1304 2611 reliques

140 2631 143 2642 ’
268 2639 310 2705 de
334 2641 424 2708 saint
450 2641 556 2728 Loup,
584 2641 669 2709 lcsd.
703 2642 825 2730 eglises
854 2644 1053 2710 soutenront
1082 2641 1147 2708 led.
1172 2644 1301 2729 proces,
1437 2720 1438 2723 Ἴ

269 2775 395 2822 comme
410 2775 516 2842 cyane
533 2762 608 2825 tout
622 2758 654 2824 le
670 2777 767 2845 corps
784 2759 1016 2826 entierement.

314 2872 412 2951 Item,
440 2894 503 2960 qne
526 2878 733 2960 moyennant
756 2874 805 2940 les
831 2874 949 2944 choses
973 2872 1124 2940 dessusd.
1153 2872 1235 2938 lesd.
1264 2871 1304 2941 de

269 2985 309 3052 de
329 2988 619 3056 sainte-Golombe
631 3011 674 3079 ne
686 2994 850 3077 pourront
865 2988 1092 3057 doresnavant
1106 2988 1192 3057 faire
1209 2992 1306 3057 autre

269 3109 385 3191 queste
397 3125 440 3172 au
452 3127 529 3174 nom
540 3107 619 3174 dud.
639 3109 878 3196 monseigneur
890 3107 981 3174 saint
993 3107 1099 3193 Loup,
1110 3125 1151 3171 ne
1166 3125 1252 3172 ceux
1265 3104 1306 3170 de

150 3303 151 3308 ἵ
270 3221 480 3310 Saint-Loup
507 3224 548 3290 de
576 3226 630 3292 No
657 3225 900 3312 parcillement‚
922 3244 963 3290 en
987 3223 1127 3310 quelque
1147 3221 1305 3309 province

270 3357 333 3423 que
354 3359 391 3406 ce
412 3341 489 3424 soit,
511 3345 702 3409 autrement
726 3361 788 3429 que
810 3339 928 3408 dessus
949 3344 1002 3408 est
1025 3338 1075 3406 dit
1089 3345 1129 3407 et
1140 3337 1255 3406 devise
1270 3340 1306 3404 es

271 3456 422 3536 articles;
436 3462 470 3524 et
481 3456 635 3524 s’aucuns
649 3458 899 3527 fraisccnrieut
909 3456 1256 3545 fairepourimpener
1271 3459 1306 3522 et

271 3572 1304 3662 avoirquesteesautroslieuxetprorincesnonacoustumeeS,

270 3708 314 3755 ou
324 3687 408 3754 faire
419 3694 532 3758 autres
545 3689 628 3756 frais
638 3711 722 3778 pour
731 3691 762 3757 le
774 3691 861 3770 bien,
874 3688 1010 3778 prouffit
1020 3693 1056 3756 et
1064 3689 1177 3756 utilite
1187 3686 1228 3754 de
1237 3687 1304 3755 lad.

272 3809 400 3891 queste,
418 3805 501 3873 lesd.
519 3806 560 3874 de
575 3807 881 3886 Salute-Columbo,
900 3827 1025 3874 comme
1044 3805 1173 3884 dessus,
1192 3809 1308 3872 seront

255 3921 256 3924 ’
270 3924 370 3987 tenus
383 3920 457 3988 d'en
469 3943 575 4010 payer
586 3927 620 4008 et
636 3944 678 3990 en
692 3923 849 4012 paieront
863 3924 894 3990 le
908 3924 1005 4003 tiers,
1022 3924 1057 3989 et
1068 3921 1134 3992 led.
1145 3921 1259 4008 prieur
1267 3920 1307 3991 de

271 4035 325 4103 No
340 4036 389 4102 les
411 4035 500 4105 deux
519 4043 633 4126 parts;
649 4044 684 4108 et
705 4040 980 4107 semblablement
1000 4042 1166 4128 pranront
1179 4038 1307 4106 chacun

275 4175 313 4222 sa
322 4161 399 4243 part
412 4177 454 4224 ou
469 4157 606 4244 prcuffit
619 4157 660 4225 de
671 4157 740 4226 lad.
757 4161 886 4245 queste,
898 4157 947 4226 tel
962 4175 1026 4242 que
1041 4154 1159 4224 dessus
1179 4157 1232 4222 est
1243 4151 1304 4222 dit.
1350 4241 1351 4246 Ἰ
