3164 5016
729 489 904 556 ..74-

296 632 354 720 jus
381 652 497 719 preces
512 632 697 719 suscipiens
711 636 848 699 sanctus
865 631 971 715 Felix,
990 630 1077 718 quod
1090 629 1335 700 mandaverant

303 750 376 837 ipsa
394 751 490 836 virgo
513 752 548 816 et
564 769 626 815 rex
640 769 700 835 per
720 749 872 826 nuncios,
895 748 1024 816 studuit
1045 743 1238 834 adimplere.
1256 748 1334 814 Sus·

300 870 415 953 captas
447 885 527 940 vero
553 885 667 931 sacras
698 865 857 950 reliquias
894 863 1045 952 predicta
1078 861 1332 930 'theodechildis

293 983 398 1070 jussit
419 983 454 1047 in
474 982 680 1049 monasterio
703 981 818 1048 Sancti
843 981 937 1047 Petri
956 969 1225 1047 reverentissime
1249 999 1331 1046 con-

189 1111 192 1118 ’
299 1117 440 1163 servari.

325 1346 369 1394 ΒΕ
391 1344 522 1394 ΑΒΒΑΤΕ
546 1345 651 1394 PRIMO
674 1345 878 1394 Amnnnnnro
897 1345 941 1392 ΕΤ
964 1345 1006 1392 DE
1029 1345 1145 1393 MORTE
1167 1343 1301 1402 BASOLI,

641 1461 738 1510 DUGIS
760 1461 804 1509 ET
827 1462 980 1509 MONACHI
1029 1473 1032 1481 “

339 1661 532 1729 Prelecerat
557 1665 669 1730 autem
698 1663 933 1750 prenominata
952 1661 1087 1728 domina
1105 1661 1248 1747 primum
1268 1659 1329 1728 ab·

241 1793 244 1802 ’
293 1779 405 1849 batem
422 1780 555 1845 nomine
574 1779 817 1857 Amalbertum,
835 1780 944 1844 virum
962 1780 1030 1844 Deo
1047 1775 1236 1856 amabilem,
1253 1797 1328 1843 san·

248 1890 396 1970 ¹00tum.
428 1895 718 1983 religiosissimum
747 1900 781 1963 et
813 1893 952 1962 floribus
989 1895 1153 1982 sapientie
1186 1893 1327 1962 multum

292 2010 408 2078 ditem.
425 2011 489 2078 Hic
515 2012 641 2099 recepit
662 2011 777 2078 ducem
798 2011 955 2078 Basolum
970 2012 1012 2077 'in
1038 2009 1178 2078 fratrem
1204 2015 1238 2078 et
1260 2030 1329 2077 mo·

292 2128 447 2193 nachum.
479 2127 541 2201 Qui
567 2127 636 2192 dux
662 2127 802 2194 vivendo
830 2128 987 2215 religiose
1011 2146 1112 2193 verus
1144 2127 1326 2192 monachus

291 2245 421 2321 extitit,
440 2244 501 2310 sub
515 2242 647 2310 abbatis
659 2243 798 2330 imperio
812 2242 1000 2310 militando.
1015 2241 1106 2307 Obiit
1118 2260 1199 2306 vero
1210 2236 1325 2305 xvll·

290 2359 454 2425 kalendas
481 2358 657 2426 Februarii
679 2364 714 2427 et
736 2359 885 2446 sepultus
906 2357 971 2425 luit
993 2359 1028 2422 in
1046 2357 1196 2423 oratorio
1211 2355 1326 2423 Sancti
1365 2380 1368 2388 ’

291 2475 531 2555 Bartholomei,
545 2477 601 2561 qui
615 2495 704 2552 nunc
719 2481 771 2543 est
783 2477 885 2543 Beate
897 2474 1005 2541 Mario
1021 2473 1164 2561 virginis
1179 2475 1214 2538 et
1228 2471 1325 2537 Beati

289 2588 423 2658 Andree
438 2590 595 2678 apostoli.
608 2591 687 2657 Dies
700 2590 925 2658 anniversarii
937 2590 1009 2678 ejus
1020 2588 1178 2655 memorie
1192 2587 1325 2653 ducitur

288 2708 402 2775 XVII⁰
416 2707 579 2776 kalendas
594 2708 769 2775 Februarii

552 2961 774 3012 EPY'I‘APHIUM
803 2961 911 3010 IPSIUS
940 2961 1058 3010 BASOLI

352 3175 506 3243 Consulis
520 3176 576 3242 bic
596 3180 691 3242 artus
710 3174 872 3244 recubant
900 3177 1086 3245 Arvernioa
1103 3178 1203 3246 tellus

352 3289 524 3377 Magniflci
544 3291 657 3357 Basoli
673 3311 769 3378 quem
789 3291 882 3359 dedit
902 3312 975 3359 esse
991 3295 1072 3364 suis.

245 3480 248 3486 ,
352 3408 426 3472 Dux
443 3406 683 3493 Aquitanensis
704 3406 786 3474 felix
806 3428 867 3475 sna
886 3429 967 3475 rura
982 3408 1106 3492 beavit,

351 3523 449 3589 Pacis
471 3523 506 3587 in
519 3527 699 3610 augmento
712 3523 927 3591 consolidans
941 3526 1091 3613 populos.

351 3619 555 3707 Francorum
571 3661 684 3729 regem
699 3641 900 3710 clodoveum
916 3662 1053 3730 corpore
1069 3643 1186 3710 vivens

349 3754 492 3822 Abdicat
516 3775 590 3822 esse
611 3744 809 3824 snum'huno
823 3757 995 3846 proprium
1011 3759 1193 3828 dominum.

326 3906 329 3912 ·
348 3870 488 3938 Artibus
508 3875 542 3938 et
561 3873 666 3938 variis
684 3853 821 3941 tandem
840 3895 902 3941 rex
915 3897 1011 3963 quem
1024 3878 1205 3965 proditoris

348 3985 576 4056 Constrictum
592 3991 703 4059 tenuit
717 3993 862 4059 carceris
877 3993 913 4058 in
926 3993 1076 4061 tenebris
1088 4019 1096 4076 ;

352 4100 459 4194 Regia
473 4102 531 4172 sed
543 4106 651 4178 mittis
662 4108 785 4201 proles,
802 4110 1136 4209 regina-Theohildis,
