3180 5012
731 460 907 525 -10-
997 527 1005 542 ,

345 619 391 676 De
410 619 547 694 reliquiis
566 623 740 676 sanctorum
761 617 888 674 Fabiani
908 621 939 672 et
960 615 1146 686 Sebastiani,
1168 618 1344 688 martyrum.

346 717 391 772 De
410 717 546 791 reliquiis
564 717 660 772 saneti
681 715 815 787 Georgii.

345 815 391 870 De
411 814 548 888 reliquiis
567 814 664 870 sancti
683 814 876 870 christofori.

346 912 390 968 De
408 916 564 984 unguento
583 916 757 968 sanctorum
779 911 888 968 Cosme
908 915 939 968 et
958 909 1118 970 Damiami.

1566 695 1572 727 t

344 1111 487 1168 Narratio
506 1111 543 1167 de
562 1111 797 1168 consessoribus.

343 1209 388 1264 De
408 1209 506 1282 capite
525 1209 622 1264 sancti
642 1209 793 1280 Gregorii.

344 1305 389 1362 De
408 1305 545 1379 reliquiis
564 1306 643 1362 beati
662 1305 789 1380 Hylarii.

345 1404 391 1460 De
409 1404 546 1478 reliquiis
566 1404 646 1461 beati
665 1404 801 1461 Martini.

345 1503 391 1558 De
410 1519 537 1580 corpore
556 1503 652 1560 sancti
672 1503 813 1560 Ebbonis

265 1575 300 1638 ¹⁰
345 1601 391 1657 De
410 1601 505 1657 infula
524 1600 628 1674 ipsius
678 1607 684 1618 '

345 1698 390 1753 De
409 1714 536 1771 corpore
554 1701 651 1755 sancti
670 1699 788 1756 Leonis.

304 1868 306 1871 .
346 1796 390 1851 De
411 1812 538 1870 corpore
556 1798 654 1854 sancti
674 1798 818 1856 Ursicini.

347 1895 393 1950 De
411 1912 539 1970 corpore
558 1897 654 1953 sancti
670 1892 801 1969 'Agricii

345 1991 390 2047 De
409 2010 536 2066 corpore
555 1995 651 2050 saneti
669 1995 834 2052 Ambrosii.

347 2089 394 2144 De
412 2083 550 2164 reliquiis
569 2090 665 2146 sancti
683 2091 772 2165 Lupi.

349 2189 393 2244 De
413 2189 550 2262 reliquiis
569 2190 665 2246 sancti
684 2191 786 2261 Eligii.

346 2283 391 2338 De
410 2283 533 2340 dimidio
553 2285 642 2341 dente
662 2287 759 2342 sancti
778 2285 934 2358 Nicholay.

349 2380 394 2435 De
413 2381 502 2437 dente
522 2381 619 2437 sancti
638 2382 739 2452 Marii.

346 2479 391 2534 De
413 2496 481 2536 osse
500 2480 596 2536 sancti
616 2481 783 2538 Benedicti.

349 2578 393 2634 De
411 2577 535 2656 brachio
553 2559 649 2633 sancti
668 2577 826 2636 Leonardi.

347 2774 489 2833 Narratio
508 2773 545 2830 do
564 2771 743 2844 virginibus.

347 2876 393 2930 De
411 2871 549 2945 reliquiis
571 2875 675 2927 sancte
694 2871 792 2930 Maria
813 2871 1002 2943 Magdalene.

349 2973 395 3028 De
418 2971 520 3042 digitis
538 2974 642 3026 sancte
661 2969 818 3039 Columbe,
838 2969 977 3041 virginis

287 3088 291 3095 ·
349 3068 394 3124 De
416 3084 544 3140 corpore
562 3073 665 3124 sancte
684 3067 788 3135 Beate,
808 3067 947 3139 virginis.

346 3267 393 3324 De
412 3268 499 3333 beata
522 3267 755 3331 Theodeohilde‚
776 3267 906 3339 virgine,
929 3272 960 3323 ct
979 3265 1155 3323 fundatione
1174 3261 1350 3318 monasterii

1292 3347 1294 3354 t

384 3367 488 3424 Sancti
507 3367 591 3423 Petri
608 3366 691 3424 Vivi.

347 3466 392 3521 De
410 3465 522 3521 Basolo
543 3465 618 3521 duce
638 3470 668 3520 et
686 3464 834 3521 monacho
854 3465 945 3538 hujus
963 3464 1038 3542 loci.-

347 3563 393 3618 De
414 3542 530 3634 majore
549 3562 639 3617 altari
658 3567 687 3618 et
706 3562 815 3619 ceteris
835 3562 990 3618 altaribus

348 3661 393 3715 De
412 3659 549 3733 reliquiis
568 3675 587 3714 a
606 3665 710 3716 sancto
732 3659 833 3716 Felice
853 3659 1031 3733 impetratis,

348 3758 393 3814 De
412 3758 510 3831 primo
529 3759 636 3814 abbate
656 3759 831 3815 monasterii
847 3759 934 3815 istius
947 3758 1122 3815 Amalberto
1136 3758 1257 3814 nomine
1271 3762 1301 3814 et
1314 3756 1352 3811 de

264 3844 303 3907 30
385 3861 482 3913 morte
500 3857 604 3912 Basoli
623 3856 708 3913 ducis
727 3862 757 3912 et
771 3855 921 3912 monachi.

322 3932 330 3950 ’
349 3955 551 4029 Epytaphium
571 3955 643 4011 dicti
660 3955 774 4012 Basoli.

349 4053 395 4114 De
414 4057 512 4113 morte
531 4056 560 4109 et
579 4053 735 4130 sepultura
751 4034 857 4115 sancte
878 4050 1120 4126 Theodeohildis,
1142 4050 1280 4124 virginis.
