3160 5016
747 519 878 586 -272
901 552 944 570 -

326 664 483 731 timorem
499 666 534 730 et
559 661 732 746 honorem,
752 661 1043 750 predictorumque
1069 666 1262 729 sanctorum
1290 658 1365 748 glo-

328 780 414 846 riam
442 784 477 846 et
505 756 638 844 laudem
674 779 778 846 cicius
805 783 839 847 et
866 778 1023 846 devocius
1047 779 1252 856 excitentur,
1289 795 1363 855 nos,

330 894 433 962 abbas
459 899 494 962 et
520 899 705 963 conventus
728 895 875 983 prelati,
908 895 1161 962 considerantes
1185 897 1220 962 et
1253 897 1368 960 atten-

329 1011 447 1080 dentes
466 1031 509 1078 ex
538 1013 650 1078 animo
672 1032 738 1110 quo
759 1011 861 1100 juxta
883 1012 1094 1099 Apostolum,
1114 1013 1170 1099 qui
1197 1010 1367 1078 seminant

329 1128 528 1216 temporalia
546 1133 672 1196 metere
697 1127 819 1197 debent
843 1130 1046 1218 spiritualia,
1072 1134 1228 1216 preterea
1246 1127 1366 1194 volen-

333 1249 384 1310 tes
405 1249 522 1314 nostra
546 1245 746 1333 temporalia
768 1246 803 1310 in
825 1245 1016 1333 spiritualia
1032 1245 1243 1324 commutari,
1266 1248 1300 1311 et
1319 1244 1368 1309 eis

332 1380 473 1447 quorum
501 1360 669 1430 debitores
698 1381 813 1429 sumus
844 1384 901 1431 eas
934 1384 1017 1451 quas
1043 1363 1193 1430 valemus
1223 1379 1368 1449 reppen-

333 1476 412 1544 dere
433 1498 548 1568 preces
562 1497 622 1568 pro
639 1499 675 1545 se
691 1483 725 1547 et
743 1479 990 1567 successoribus
1010 1479 1091 1565 suis,
1114 1499 1215 1545 unam
1231 1477 1370 1545 confra-

335 1593 532 1663 ternitatem
556 1617 616 1662 seu
640 1595 859 1663 confratriam
883 1596 919 1663 in
945 1599 1073 1664 honore
1098 1597 1245 1663 omnium
1269 1613 1370 1660 sanc-

333 1719 443 1782 torum
470 1715 792 1804 prenominatorum,
813 1714 967 1782 caritatis
990 1713 1208 1802 procedentes
1234 1709 1369 1790 affectu,

333 1829 490 1897 duximus
511 1830 745 1911 ordinandam,
760 1831 975 1899 statuendam
987 1836 1022 1898 et
1035 1830 1195 1909 fiendam,
1218 1835 1252 1898 et
1271 1849 1372 1916 quam

336 1967 396 2034 per
409 1951 584 2036 presentes
598 1949 634 2014 in
648 1949 823 2037 presencia
841 1948 1051 2015 notariorum
1067 1946 1274 2034 publicorum
1293 1943 1373 2010 sub-

337 2065 537 2151 scriptorum
567 2063 718 2138 lecimus,
749 2064 930 2131 statuimus
957 2069 991 2133 et
1016 2062 1264 2140 ordinavimus,
1288 2059 1373 2126 saci-

337 2202 489 2269 musque,
505 2182 686 2250 statuimus
696 2186 731 2247 ct
743 2179 938 2246 ordinamus
948 2178 1022 2245 fieri
1038 2199 1098 2266 per
1110 2183 1297 2267 presentes,
1312 2197 1373 2265 pro

337 2296 424 2362 vivis
458 2295 586 2381 pariter
613 2299 647 2362 et
675 2291 854 2363 deffunctis
881 2293 1152 2362 benefactoribus
1184 2295 1311 2362 nostris
1335 2313 1375 2359 ac

337 2411 404 2478 illis
424 2413 480 2498 qui
495 2411 633 2478 ecclesie
652 2416 768 2480 nostre
788 2414 879 2500 operi
894 2413 967 2502 pias
993 2411 1194 2478 elemosinas
1210 2414 1375 2498 grataque

337 2531 491 2622 caritatis
506 2529 655 2598 subsidia
669 2551 708 2597 ac
724 2529 763 2596 de
778 2529 886 2611 bonis,
903 2531 938 2596 in
949 2530 1012 2597 hac
1024 2530 1112 2597 valle
1128 2529 1262 2595 miserie
1277 2529 1375 2594 aDeo

338 2647 401 2714 sibi
416 2648 560 2728 collatis,
577 2648 791 2735 erogaverint
806 2652 867 2717 aut
881 2645 1081 2734 erogabunt,
1097 2667 1282 2734 manusque
1295 2665 1376 2712 suas

336 2764 552 2852 porrexerint
567 2764 677 2831 autin
692 2763 842 2831 futurum
860 2765 1036 2852 porrigent
1060 2764 1255 2851 adjutrices,
1285 2765 1376 2852 ipsos
1452 2850 1455 2855 Ι
1557 2751 1560 2833 l

336 2886 371 2949 et
387 2901 504 2948 eorum
520 2881 646 2948 amicos
670 2878 860 2949 deffunctos
874 2882 1025 2967 volentes
1045 2887 1080 2951 et
1103 2881 1299 2949 ordinantes
1314 2881 1377 2946 im-

338 3003 533 3086 perpetuum
556 2995 641 3063 effici
662 2997 844 3084 participes
869 2999 974 3066 trium
1011 2999 1190 3066 missarum
1231 2996 1379 3085 qualibet
1479 3067 1483 3078 ,

338 3114 391 3180 die
405 3115 575 3203 perpetuis
592 3114 800 3202 temporibus
820 3115 855 3180 in
886 3114 978 3190 dieta
997 3120 1114 3182 nostra
1129 3114 1271 3182 eeclesia
1290 3113 1380 3182 cele-

339 3231 513 3298 bratarum
533 3230 603 3298 alta
623 3251 704 3299 voce
725 3251 787 3320 pro
816 3231 1044 3299 confratribus
1072 3232 1160 3300 dicte
1180 3230 1376 3309 confratria,

339 3365 480 3433 quarum
509 3367 576 3414 una
602 3347 793 3438 celebratur
817 3349 858 3418 ab
886 3350 1025 3436 antiquo
1045 3351 1080 3414 in
1106 3348 1232 3415 honore
1252 3347 1379 3435 glorio-

341 3461 471 3528 sissime
491 3463 634 3550 virginis
664 3464 785 3544 Marie,
810 3449 879 3532 alia
903 3465 943 3531 de
970 3463 1161 3539 destruetis,
1189 3469 1223 3531 et
1248 3463 1378 3549 reliqna

341 3581 376 3643 in
391 3579 519 3646 bonore
543 3581 689 3645 omnium
715 3584 924 3658 sanctorum,
943 3601 981 3646 ac
1008 3581 1042 3646 in
1069 3579 1222 3647 omnibus
1248 3580 1381 3645 oracio-

341 3695 439 3761 nibus
468 3715 506 3762 ac
546 3696 676 3763 devotis
709 3697 885 3784 precibuS,
918 3697 1075 3786 jejuniis,
1102 3696 1252 3784 uigiliiS,
1279 3695 1382 3762 medi·

341 3811 544 3891 tacionibus,
579 3817 679 3899 atque
708 3813 804 3882 bonis
826 3813 1096 3900 quibuscumque,
1131 3815 1257 3890 missis,
1288 3814 1382 3880 horis

343 3929 539 4008 nocturnis,
570 3931 765 4017 pariterque
802 3930 957 4014 diurnis,
989 3929 1146 4020 videlicet
1181 3931 1380 4012 matutiniS,

265 4099 269 4108 .
344 4046 479 4133 primis,
508 4047 643 4132 tertiis,
671 4048 800 4126 sextis,
833 4048 952 4126 noniS,
978 4048 1128 4136 vesperis
1156 4053 1190 4114 et
1224 4048 1383 4136 compleo·

343 4162 456 4242 toriis,
480 4183 541 4249 que
574 4162 722 4232 indicta
748 4169 867 4232 nostra
889 4165 1030 4232 ecclesia
1048 4165 1318 4252 primatibusque
1348 4171 1383 4252 et
