3168 5012
651 555 851 624 -249-
956 579 961 584 ’

729 744 764 791 1v

595 939 904 1008 TRANSACTION

234 1098 331 1138 ENTRE
349 1081 450 1138 L’neele
470 1099 504 1138 ΕΤ
523 1099 574 1139 Les
595 1095 757 1142 Ruuloluux
774 1102 812 1141 DE
831 1099 1207 1140 sumn-Prunee-Le-vlr
1233 1099 1269 1139 ET

343 1197 418 1238 GEUX
438 1198 474 1237 DE
494 1197 754 1246 selues-cobortes
779 1200 819 1240 ΔΗ
838 1199 928 1240 suist·
948 1198 1002 1240 DES
1021 1198 1166 1244 eumenes

634 1297 672 1337 DE
690 1297 869 1339 selue-Lon?

593 1421 627 1494 (6
648 1422 920 1495 (1166161161432.)

264 1577 387 1644 (Originel
402 1593 445 1626 sur
456 1578 608 1640 parchemin,
629 1579 746 1627 autrefois
758 1579 832 1627 scelle
851 1579 882 1627 de
897 1579 957 1640 einq
971 1593 1060 1628 soeeux
1073 1593 1116 1628 sur
1132 1593 1224 1640 queuee
1241 1579 1271 1628 de

234 1670 386 1730 parchemin.
399 1670 517 1717 erohives
531 1670 561 1718 de
571 1670 684 1721 l'Youne.
695 1669 867 1730 bibliotheque
881 1671 911 1718 de
928 1671 997 1733 Seue,
1014 1671 1035 1717 ll
1050 1672 1063 1720 t
1078 1677 1106 1717 n⁰
1124 1669 1171 1732 18.)

270 1803 375 1860 Dreux
397 1802 434 1860 de
463 1801 665 1871 Monteudier‚
699 1802 774 1860 ebbe
802 1801 840 1859 de
870 1801 1216 1869 Seint-Pierre-le-Vit,
1233 1818 1271 1858 eu

235 1919 306 1959 nom
327 1901 363 1957 de
381 1919 437 1958 son
456 1906 596 1966 couvent,
618 1907 648 1957 et
664 1901 740 1958 Jeen
760 1900 969 1974 d'Apremont,
990 1899 1096 1976 prieur
1114 1899 1152 1956 de
1169 1899 1273 1956 Seint-

234 1981 490 2076 Loup-delusus,
516 2000 606 2056 d'une
629 2007 707 2075 pert,
733 2004 764 2057 et
781 2000 929 2072 Frenoois
957 2001 993 2056 de
1009 1999 1118 2074 Chigy,
1141 1999 1218 2056 ebbe
1236 1998 1273 2055 de

235 2099 516 2166 Seinte-Colombe,
529 2115 568 2155 eu
582 2115 652 2154 nom
669 2097 767 2154 deses
787 2097 947 2171 religieux,
962 2098 1089 2155 voulent
1104 2102 1212 2154 mettre
1231 2097 1272 2152 fin

235 2200 253 2254 e
274 2215 316 2254 un
329 2203 438 2271 proces
457 2197 589 2272 pendent
617 2197 728 2254 devent
746 2197 775 2254 le
792 2197 962 2272 perlement
978 2197 1014 2254 de
1029 2195 1119 2253 Paris
1137 2197 1272 2252 erretent

234 2300 321 2354 entre
343 2313 401 2354 eux
418 2296 464 2354 les
476 2292 651 2354 ‘conditione
667 2295 789 2352 suivant
801 2296 968 2371 lesquelles
988 2312 1022 2353 se
1045 2296 1145 2352 lerout
1166 2294 1272 2351 desor-

237 2395 313 2450 meis
333 2394 377 2452 les
395 2397 501 2469 quetes
520 2412 598 2468 pour
616 2394 646 2450 le
664 2389 870 2452 rosteu'retion
893 2394 931 2452 de
953 2394 1036 2451 leurs
1057 2393 1182 2466 eglises.
1209 2394 1271 2450 Des

235 2509 421 2566 procureurs
434 2511 472 2550 ou
487 2493 628 2550 fermiers
643 2498 889 2566 transporteront
904 2509 979 2550 eveo
997 2510 1056 2549 eux
1069 2491 1123 2548 des
1140 2491 1273 2565 reliques

236 2592 272 2649 de
285 2592 366 2649 seint
377 2592 461 2666 Loup
473 2598 643 2666 provenerit
657 2591 694 2650 de
707 2591 1053 2664 Seint·L0up-deNeud
1061 2595 1091 2646 et
1105 2589 1272 2646 (16861116-

236 2691 394 2759 Colombe,
409 2697 440 2748 et
468 2691 512 2748 les
528 2691 668 2766 produits
695 2690 732 2747 de
746 2690 829 2747 leurs
857 2691 963 2765 quetes
977 2693 1081 2746 serent
1105 2690 1270 2761 perleges:

237 2787 314 2846 deux
342 2789 418 2847 tiers
443 2807 522 2864 pour
541 2789 569 2845 le
596 2789 719 2863 prieure
741 2788 778 2845 de
798 2785 1154 2861 Seint·L0upde-Neud,
1183 2791 1272 2841 etun

237 2884 311 2942 tiers
327 2902 404 2960 pour
422 2885 556 2960 l'ebbeye
571 2885 608 2942 de
627 2883 906 2942 Saluto-Colombe.

281 3125 399 3192 Ateus
414 3125 511 3191 oeulx
527 3125 583 3210 qui
599 3145 653 3190 ces
663 3124 837 3210 presentes
850 3124 968 3193 lettres
981 3130 1132 3204 verrent,
1151 3127 1271 3222 lireue,

237 3261 299 3327 per
313 3241 347 3306 le
359 3241 560 3328 permission
575 3240 698 3323 divine,
714 3241 848 3307 humble
866 3240 948 3308 ebbe
963 3240 1004 3307 de
1015 3242 1144 3330 l'eglise
1159 3247 1192 3310 et
1205 3263 1273 3308 mo·
1361 3245 1363 3249 ’

236 3359 372 3425 nestero
398 3355 438 3422 de
458 3356 795 3423 Seint-Perele-Vii
809 3357 858 3422 lez
876 3357 976 3436 Sene,
992 3362 1026 3425 et
1043 3361 1119 3427 tout
1142 3357 1174 3424 le
1193 3378 1274 3426 cou-

236 3480 315 3540 vent
334 3471 376 3539 de
396 3493 432 3540 oe
458 3473 538 3552 lieu,
573 3472 663 3539 frere
687 3473 796 3539 Jehen
828 3472 1059 3561 d’Apremont,
1081 3475 1197 3562 prieur
1230 3475 1274 3541 du

236 3589 348 3675 priore
364 3587 404 3655 de
425 3589 781 3676 Seint·L0up-de·N0,
805 3588 952 3656 membre
973 3589 1102 3658 d’ioelle
1130 3589 1271 3678 abbaye,

236 3709 271 3772 et
288 3705 461 3786 Freneois,
479 3724 540 3792 per
559 3706 593 3771 le
609 3707 710 3792 grece
733 3706 777 3772 de
789 3707 871 3773 Dieu
890 3711 925 3774 et
941 3706 986 3773 du
1012 3708 1103 3776 seint
1122 3708 1213 3796 siege
1233 3707 1274 3774 de

238 3821 355 3900 ltome,
377 3821 512 3888 humble
533 3821 616 3888 ebbe
630 3821 671 3887 de
687 3821 815 3910 l’eglise
829 3826 864 3890 61
884 3826 1074 3892 monestere
1090 3822 1131 3890 de
1146 3824 1274 3892 Sainte-

236 3935 550 4004 eolombe-leeSens
573 3937 613 4004 de
632 3936 756 4005 l'ordre
773 3939 1034 4020 Sarni-eenole,
1056 3939 1175 4029 subget
1192 3961 1272 4008 sans

238 4072 359 4140 moyen
373 4051 450 4119 eud.
469 4054 573 4141 siege,
587 4059 623 4120 e't
640 4056 716 4122 tout
729 4053 761 4120 le
773 4061 915 4128 oeuvent
927 4055 968 4133 de
981 4076 1017 4123 66
1033 4076 1176 4136 rpesmes
1192 4056 1271 4137 lieu,

240 4169 330 4240 salut
347 4189 389 4235 en
405 4172 520 4253 nostre
539 4169 713 4260 seigneur,
