3180 5012
750 532 924 599 ..26-

316 695 390 741 nem
429 675 651 762 corrumpere,
688 676 838 742 seniores
871 663 1092 756 convocavit;
1115 697 1254 764 quorum
1290 678 1355 746 fuit

314 792 482 859 sententia
503 795 539 859 ut
560 793 595 856 in
616 797 743 859 retem
764 792 866 858 dubia
887 789 1063 858 consilium
1083 795 1215 859 Domini
1235 815 1356 879 quere-

314 914 420 975 retur.
442 908 567 982 Quibus
588 908 762 975 orantibus
783 929 980 995 responsum
1006 907 1071 975 fuit
1093 913 1130 975 ut
1157 911 1355 996 quicumque

316 1025 356 1090 de
370 1024 466 1089 domo
482 1023 588 1089 David
604 1025 731 1110 nuptiis
746 1025 876 1090 habiles
892 1025 1068 1112 conjugati
1081 1046 1147 1091 non
1163 1031 1277 1093 essent
1291 1027 1357 1090 sin·
1448 1110 1450 1115 Ι

314 1141 384 1226 guli
395 1140 510 1224 virgas
527 1139 677 1224 singulas
694 1139 735 1205 ad
748 1141 856 1206 altare
870 1138 1054 1224 deferrent,
1073 1144 1107 1207 et
1120 1142 1357 1228 cujuscumque

314 1256 411 1340 virga
426 1254 650 1340 germinasset
663 1258 697 1320 et
712 1255 747 1319 in
764 1255 935 1320 cacumine
949 1255 1033 1341 ejus,
1054 1255 1236 1320 secundum
1252 1257 1356 1322 Ysaie

315 1371 524 1447 vaticinium,
552 1369 861 1455 Spiritus-Sanctus
881 1371 916 1434 in
934 1370 1085 1436 columbe
1104 1372 1213 1456 specie
1238 1391 1357 1436 conse-

316 1487 435 1563 disset,
458 1487 528 1571 ipse
549 1489 640 1550 esset
664 1487 716 1550 cui
736 1486 832 1580 virgo
855 1486 966 1551 Maria
992 1485 1189 1572 desponsari
1208 1485 1355 1551 deberet.

317 1601 478 1667 Omnibus
508 1602 623 1687 virgas
654 1599 884 1678 afferentibus,
914 1600 1039 1687 loseph
1062 1601 1102 1666 de
1133 1600 1231 1666 domo
1251 1600 1356 1666 David

272 1718 448 1802 iovirgam
470 1715 649 1782 subtraxit.
679 1715 761 1782 Cum
789 1735 868 1781 vero
903 1716 1007 1781 nichil
1041 1716 1153 1789 divine
1177 1717 1251 1780 voci
1277 1736 1358 1781 con-

319 1852 437 1897 sonum
454 1836 644 1918 appareret,
664 1829 818 1918 pontifex
838 1832 959 1898 iterum
984 1831 1161 1896 Dominum
1178 1832 1355 1910 exoravit;
1415 1871 1419 1879 ν

319 1950 372 2015 cui
390 1968 586 2034 responsum
611 1947 676 2014 fuit
700 1947 786 2033 quod
806 1948 825 2011 J
829 1947 932 2033 oseph
949 1948 1080 2033 virgam
1097 1967 1164 2012 non
1182 1947 1356 2013 attulerat.

320 2067 424 2142 Tunc,
451 2084 524 2128 cum
542 2063 666 2148 Joseph
687 2064 818 2128 monitu
837 2061 1004 2149 pontificis
1020 2063 1150 2149 virgam
1173 2063 1357 2139 attulisset,

321 2180 394 2264 ipsa
415 2177 530 2244 florem
556 2177 699 2243 dedit-et
716 2178 750 2241 in
772 2151 943 2243 cacumine
966 2177 1037 2262 ejus
1050 2177 1359 2262 Spiritus-Sanctus

322 2293 473 2359 consedit
499 2294 533 2356 in
557 2293 706 2358 columbe
731 2293 851 2383 specie.
884 2293 927 2357 Et
955 2295 1036 2358 tunc
1067 2292 1220 2372 omnibus
1249 2294 1360 2378 patuit

321 2410 385 2495 ipsi
405 2409 530 2494 Joseph
550 2428 623 2472 esse
642 2408 785 2472 Mariam
804 2406 970 2492 virginem
986 2406 1263 2493 desponsandam.
1288 2407 1360 2474 An·

320 2528 454 2609 tequam
475 2543 556 2590 vero
578 2523 796 2588 convenirent
818 2522 957 2587 inventa
984 2526 1036 2587 est
1054 2522 1165 2586 Maria
1181 2522 1308 2587 habens
1323 2525 1359 2587 in

322 2643 418 2705 utero
435 2640 474 2705 de
494 2637 777 2724 Spiritu-Sancte,
796 2637 883 2704 sicut
900 2637 1052 2722 superius
1071 2635 1134 2703 fuit
1151 2636 1289 2703 dictum.

557 2887 601 2934 DE
624 2886 857 2936 ASSUMPTIONE
880 2885 990 2934 BEATE
1014 2886 1122 2963 Manno

274 3109 313 3170 20
366 3101 562 3186 Assumptio
585 3101 728 3186 virginis
754 3101 863 3166 Marie
883 3101 1001 3166 matris
1025 3100 1084 3164 Dei
1106 3100 1251 3186 qualiter
1270 3099 1362 3166 facta

324 3217 370 3282 sit
398 3217 432 3280 in
471 3215 614 3301 quodam
639 3215 724 3281 libro
749 3217 806 3301 qui
831 3214 927 3282 beato
953 3216 971 3281 J
978 3216 1103 3281 ohanni
1132 3217 1362 3302 euvangeliste

323 3331 506 3398 ascribitur
521 3330 689 3396 edocetur.
711 3331 881 3417 Apostolis
901 3351 1044 3418 namque
1063 3332 1104 3397 ob
1122 3332 1362 3418 predicationis

323 3449 469 3533 gratiam
487 3466 546 3532 per
562 3446 722 3512 mundum
742 3446 872 3525 divisis,
892 3449 988 3534 virgo
1007 3447 1116 3512 Maria
1133 3449 1167 3513 in
1187 3448 1283 3515 domo
1303 3470 1363 3515 sua

319 3562 422 3649 juxta
448 3567 596 3630 montem
622 3563 712 3648 Syon
732 3563 857 3629 dicitur
878 3564 1093 3640 remansisse,
1113 3568 1159 3636 et,
1183 3565 1364 3630 secundum

213 3657 215 3662 ¹
324 3675 498 3765 quos‘dam,
522 3699 640 3745 novem
666 3680 763 3743 annis
788 3683 865 3765 post
897 3680 1127 3744 ascensionem
1152 3680 1283 3745 Domini
1308 3702 1365 3746 su-

218 3806 219 3812 ’
324 3795 483 3880 pervixit.
512 3795 572 3859 Die
598 3794 706 3880 igitur
731 3793 873 3879 quadam
906 3793 984 3858 dum
1011 3794 1047 3857 in
1073 3791 1137 3859 filii
1163 3793 1365 3860 desiderium

327 3932 385 3978 cor
411 3933 506 3977 suum
535 3912 753 3978 vehementer
778 3909 1029 3986 accenderetur,
1056 3909 1205 3994 angelus
1224 3910 1266 3976 ad
1292 3931 1365 3977 eam

328 4027 441 4094 dixit:
465 4028 571 4092 Filius
592 4031 671 4093 tuus
692 4031 726 4092 te
742 4031 884 4092 matrem
903 4029 1070 4111 expectat.
1091 4024 1150 4090 Cui
1169 4026 1283 4112 virgo:
1306 4026 1368 4092 Ob·

330 4163 424 4209 secro
445 4147 483 4211 ut
503 4143 604 4209 michi
630 4164 751 4209 nomen
771 4149 864 4210 tuum
885 4143 1027 4220 reveles,
1051 4146 1085 4209 et
1107 4148 1155 4220 ut,
1189 4148 1373 4229 antequam,
