<?xml version="1.0" encoding="UTF-8"?>
<!DOCTYPE html PUBLIC "-//W3C//DTD XHTML 1.0 Transitional//EN"
    "http://www.w3.org/TR/xhtml1/DTD/xhtml1-transitional.dtd">
<html xmlns="http://www.w3.org/1999/xhtml" xml:lang="en" lang="en">
 <head>
  <title>
</title>
<meta http-equiv="Content-Type" content="text/html;charset=utf-8" />
  <meta name='ocr-system' content='tesseract 3.04.00' />
  <meta name='ocr-capabilities' content='ocr_page ocr_carea ocr_par ocr_line ocrx_word'/>
</head>
<body>
  <div class='ocr_page' id='page_1' title='image "./lelivredesreliq00prougoog_0083.png"; bbox 0 0 3180 5012; ppageno 0'>
   <div class='ocr_carea' id='block_1_1' title="bbox 743 459 1028 587">
    <p class='ocr_par' dir='ltr' id='par_1_1' title="bbox 743 459 1028 587">
     <span class='ocr_line' id='line_1_1' title="bbox 743 459 1028 587; baseline 0 -1"><span class='ocrx_word' id='word_1_1' title='bbox 743 516 924 587; x_wconf 86' lang='lat'><strong>-46-</strong></span> <span class='ocrx_word' id='word_1_2' title='bbox 1024 459 1028 468; x_wconf 36' lang='lat'><em>¹</em></span> 
     </span>
    </p>
   </div>
   <div class='ocr_carea' id='block_1_2' title="bbox 309 659 1348 1074">
    <p class='ocr_par' dir='ltr' id='par_1_2' title="bbox 309 659 1348 1074">
     <span class='ocr_line' id='line_1_2' title="bbox 310 659 1346 748; baseline -0.002 -20"><span class='ocrx_word' id='word_1_3' title='bbox 310 663 455 738; x_wconf 86' lang='lat' dir='ltr'>Domini,</span> <span class='ocrx_word' id='word_1_4' title='bbox 476 663 578 728; x_wconf 84' lang='lat' dir='ltr'><strong>etatis</strong></span> <span class='ocrx_word' id='word_1_5' title='bbox 595 664 707 728; x_wconf 90' lang='lat' dir='ltr'><strong>autem</strong></span> <span class='ocrx_word' id='word_1_6' title='bbox 729 681 790 726; x_wconf 92' lang='lat' dir='ltr'><strong>sue</strong></span> <span class='ocrx_word' id='word_1_7' title='bbox 809 663 1027 748; x_wconf 82' lang='lat' dir='ltr'><strong>nonogesimo</strong></span> <span class='ocrx_word' id='word_1_8' title='bbox 1054 679 1143 727; x_wconf 93' lang='lat' dir='ltr'><strong>nono</strong></span> <span class='ocrx_word' id='word_1_9' title='bbox 1167 659 1346 726; x_wconf 81' lang='lat' dir='ltr'><strong>defunctus</strong></span> 
     </span>
     <span class='ocr_line' id='line_1_3' title="bbox 310 774 1348 863; baseline -0.002 -21"><span class='ocrx_word' id='word_1_10' title='bbox 310 782 363 843; x_wconf 88' lang='lat' dir='ltr'><strong>est</strong></span> <span class='ocrx_word' id='word_1_11' title='bbox 378 781 412 844; x_wconf 83' lang='lat' dir='ltr'><strong>et</strong></span> <span class='ocrx_word' id='word_1_12' title='bbox 425 779 461 842; x_wconf 92' lang='lat' dir='ltr'><strong>in</strong></span> <span class='ocrx_word' id='word_1_13' title='bbox 479 777 561 844; x_wconf 88' lang='lat' dir='ltr'><strong>urbe</strong></span> <span class='ocrx_word' id='word_1_14' title='bbox 578 776 755 863; x_wconf 89' lang='lat' dir='ltr'><strong>metropoli</strong></span> <span class='ocrx_word' id='word_1_15' title='bbox 772 775 934 862; x_wconf 79' lang='lat' dir='ltr'><strong>se&#39;pultus</strong></span> <span class='ocrx_word' id='word_1_16' title='bbox 952 777 1099 843; x_wconf 86' lang='lat' dir='ltr'><strong>Istorum</strong></span> <span class='ocrx_word' id='word_1_17' title='bbox 1115 775 1256 842; x_wconf 89' lang='lat' dir='ltr'><strong>duorum</strong></span> <span class='ocrx_word' id='word_1_18' title='bbox 1274 774 1348 840; x_wconf 87' lang='lat' dir='ltr'><strong>fra-</strong></span> 
     </span>
     <span class='ocr_line' id='line_1_4' title="bbox 309 890 1346 977; baseline -0.006 -18"><span class='ocrx_word' id='word_1_19' title='bbox 309 897 399 959; x_wconf 85' lang='lat' dir='ltr'><strong>trum</strong></span> <span class='ocrx_word' id='word_1_20' title='bbox 417 893 486 960; x_wconf 84' lang='lat' dir='ltr'><strong>vite</strong></span> <span class='ocrx_word' id='word_1_21' title='bbox 509 897 544 960; x_wconf 89' lang='lat' dir='ltr'><strong>et</strong></span> <span class='ocrx_word' id='word_1_22' title='bbox 562 891 674 960; x_wconf 87' lang='lat' dir='ltr'><strong>obitus</strong></span> <span class='ocrx_word' id='word_1_23' title='bbox 694 892 798 957; x_wconf 89' lang='lat' dir='ltr'><strong>series</strong></span> <span class='ocrx_word' id='word_1_24' title='bbox 813 891 848 956; x_wconf 92' lang='lat' dir='ltr'><strong>in</strong></span> <span class='ocrx_word' id='word_1_25' title='bbox 864 893 934 958; x_wconf 87' lang='lat' dir='ltr'><strong>suis</strong></span> <span class='ocrx_word' id='word_1_26' title='bbox 953 890 1104 977; x_wconf 86' lang='lat' dir='ltr'><strong>legendis</strong></span> <span class='ocrx_word' id='word_1_27' title='bbox 1119 890 1274 958; x_wconf 88' lang='lat' dir='ltr'><strong>totaliter</strong></span> <span class='ocrx_word' id='word_1_28' title='bbox 1291 891 1346 954; x_wconf 90' lang='lat' dir='ltr'><strong>in-</strong></span> 
     </span>
     <span class='ocr_line' id='line_1_5' title="bbox 310 1009 457 1074; baseline 0.007 -1"><span class='ocrx_word' id='word_1_29' title='bbox 310 1009 457 1074; x_wconf 82' lang='lat' dir='ltr'><strong>venitur.</strong></span> 
     </span>
    </p>
   </div>
   <div class='ocr_carea' id='block_1_3' title="bbox 562 1255 1091 1307">
    <p class='ocr_par' dir='ltr' id='par_1_3' title="bbox 562 1255 1091 1307">
     <span class='ocr_line' id='line_1_6' title="bbox 562 1255 1091 1307; baseline -0.002 -2"><span class='ocrx_word' id='word_1_30' title='bbox 562 1257 606 1306; x_wconf 76' lang='grc' dir='ltr'><strong>ΒΕ</strong></span> <span class='ocrx_word' id='word_1_31' title='bbox 629 1257 757 1307; x_wconf 66' lang='lat' dir='ltr'><strong>sancio</strong></span> <span class='ocrx_word' id='word_1_32' title='bbox 781 1257 898 1306; x_wconf 76' lang='lat' dir='ltr'><strong>THOMA</strong></span> <span class='ocrx_word' id='word_1_33' title='bbox 921 1255 1091 1305; x_wconf 75' lang='lat' dir='ltr'><strong>APosrono</strong></span> 
     </span>
    </p>
   </div>
   <div class='ocr_carea' id='block_1_4' title="bbox 180 1444 1493 2597">
    <p class='ocr_par' dir='ltr' id='par_1_4' title="bbox 308 1444 1464 1788">
     <span class='ocr_line' id='line_1_7' title="bbox 354 1444 1345 1556; baseline 0 -21"><span class='ocrx_word' id='word_1_34' title='bbox 354 1444 500 1536; x_wconf 78' lang='lat' dir='ltr'><strong>Thomas</strong></span> <span class='ocrx_word' id='word_1_35' title='bbox 525 1469 697 1556; x_wconf 86' lang='lat' dir='ltr'><strong>apostolus</strong></span> <span class='ocrx_word' id='word_1_36' title='bbox 728 1469 885 1537; x_wconf 86' lang='lat' dir='ltr'><strong>Pathinis</strong></span> <span class='ocrx_word' id='word_1_37' title='bbox 912 1473 947 1534; x_wconf 92' lang='lat' dir='ltr'><strong>et</strong></span> <span class='ocrx_word' id='word_1_38' title='bbox 971 1467 1079 1535; x_wconf 88' lang='lat' dir='ltr'><strong>Medis</strong></span> <span class='ocrx_word' id='word_1_39' title='bbox 1104 1469 1345 1556; x_wconf 84' lang='lat' dir='ltr'><strong>Euvangelium</strong></span> 
     </span>
     <span class='ocr_line' id='line_1_8' title="bbox 308 1583 1464 1672; baseline -0.006 -21"><span class='ocrx_word' id='word_1_40' title='bbox 308 1585 506 1672; x_wconf 82' lang='lat' dir='ltr'><strong>predicavit,</strong></span> <span class='ocrx_word' id='word_1_41' title='bbox 529 1606 569 1652; x_wconf 85' lang='lat' dir='ltr'><strong>ao</strong></span> <span class='ocrx_word' id='word_1_42' title='bbox 586 1583 716 1664; x_wconf 88' lang='lat' dir='ltr'><strong>deinde,</strong></span> <span class='ocrx_word' id='word_1_43' title='bbox 734 1585 812 1672; x_wconf 80' lang='lat' dir='ltr'><strong>post</strong></span> <span class='ocrx_word' id='word_1_44' title='bbox 826 1583 931 1652; x_wconf 89' lang='lat' dir='ltr'><strong>multa</strong></span> <span class='ocrx_word' id='word_1_45' title='bbox 948 1585 1186 1651; x_wconf 79' lang='lat' dir='ltr'><strong>miraculorum</strong></span> <span class='ocrx_word' id='word_1_46' title='bbox 1203 1585 1300 1672; x_wconf 85' lang='lat' dir='ltr'><strong>signa</strong></span> <span class='ocrx_word' id='word_1_47' title='bbox 1313 1590 1347 1652; x_wconf 84' lang='lat' dir='ltr'><strong>et</strong></span> <span class='ocrx_word' id='word_1_48' title='bbox 1461 1633 1464 1644; x_wconf 93' lang='lat'>.</span> 
     </span>
     <span class='ocr_line' id='line_1_9' title="bbox 308 1698 1347 1788; baseline 0 -22"><span class='ocrx_word' id='word_1_49' title='bbox 308 1704 386 1787; x_wconf 84' lang='lat' dir='ltr'><strong>post</strong></span> <span class='ocrx_word' id='word_1_50' title='bbox 405 1703 530 1769; x_wconf 86' lang='lat' dir='ltr'><strong>multas</strong></span> <span class='ocrx_word' id='word_1_51' title='bbox 544 1720 663 1788; x_wconf 87' lang='lat' dir='ltr'><strong>passas</strong></span> <span class='ocrx_word' id='word_1_52' title='bbox 677 1700 833 1788; x_wconf 88' lang='lat' dir='ltr'><strong>injurias,</strong></span> <span class='ocrx_word' id='word_1_53' title='bbox 850 1701 885 1765; x_wconf 90' lang='lat' dir='ltr'><strong>in</strong></span> <span class='ocrx_word' id='word_1_54' title='bbox 902 1699 1014 1765; x_wconf 87' lang='lat' dir='ltr'><strong>Yndia</strong></span> <span class='ocrx_word' id='word_1_55' title='bbox 1035 1719 1056 1765; x_wconf 88' lang='lat' dir='ltr'><strong>a</strong></span> <span class='ocrx_word' id='word_1_56' title='bbox 1075 1698 1218 1785; x_wconf 87' lang='lat' dir='ltr'><strong>quodam</strong></span> <span class='ocrx_word' id='word_1_57' title='bbox 1233 1703 1347 1786; x_wconf 87' lang='lat' dir='ltr'><strong>ponti-</strong></span> 
     </span>
    </p>

    <p class='ocr_par' dir='ltr' id='par_1_5' title="bbox 307 1814 1347 1904">
     <span class='ocr_line' id='line_1_10' title="bbox 307 1814 1347 1904; baseline -0.002 -22"><span class='ocrx_word' id='word_1_58' title='bbox 307 1815 370 1884; x_wconf 78' lang='grc'><strong>1111</strong></span> <span class='ocrx_word' id='word_1_59' title='bbox 389 1816 573 1886; x_wconf 89' lang='lat' dir='ltr'><strong>Ydolorum</strong></span> <span class='ocrx_word' id='word_1_60' title='bbox 597 1815 710 1904; x_wconf 87' lang='lat' dir='ltr'><strong>gladio</strong></span> <span class='ocrx_word' id='word_1_61' title='bbox 728 1815 1025 1884; x_wconf 75' lang='lat' dir='ltr'><strong>transverberatus</strong></span> <span class='ocrx_word' id='word_1_62' title='bbox 1044 1814 1246 1901; x_wconf 88' lang='lat' dir='ltr'><strong>martyrium</strong></span> <span class='ocrx_word' id='word_1_63' title='bbox 1265 1835 1347 1882; x_wconf 89' lang='lat' dir='ltr'><strong>oon-</strong></span> 
     </span>
    </p>

    <p class='ocr_par' dir='ltr' id='par_1_6' title="bbox 180 1913 1493 2597">
     <span class='ocr_line' id='line_1_11' title="bbox 180 1913 1344 2019; baseline 0.002 -25"><span class='ocrx_word' id='word_1_64' title='bbox 180 1937 182 1940; x_wconf 70' lang='grc'><strong><em>·</em></strong></span> <span class='ocrx_word' id='word_1_65' title='bbox 263 1929 299 2009; x_wconf 81' lang='grc'><strong>10</strong></span> <span class='ocrx_word' id='word_1_66' title='bbox 310 1935 499 2000; x_wconf 74' lang='lat' dir='ltr'><strong>summovit.</strong></span> <span class='ocrx_word' id='word_1_67' title='bbox 515 1933 706 2000; x_wconf 76' lang='lat' dir='ltr'><strong>Christiani</strong></span> <span class='ocrx_word' id='word_1_68' title='bbox 725 1952 845 2019; x_wconf 88' lang='lat' dir='ltr'><strong>eorpus</strong></span> <span class='ocrx_word' id='word_1_69' title='bbox 860 1933 933 2019; x_wconf 89' lang='lat' dir='ltr'><strong>ejus</strong></span> <span class='ocrx_word' id='word_1_70' title='bbox 948 1913 1107 1999; x_wconf 81' lang='lat' dir='ltr'><strong>decenter</strong></span> <span class='ocrx_word' id='word_1_71' title='bbox 1128 1931 1344 2017; x_wconf 88' lang='lat' dir='ltr'><strong>sepelierunt.</strong></span> 
     </span>
     <span class='ocr_line' id='line_1_12' title="bbox 309 2046 1346 2135; baseline -0.004 -19"><span class='ocrx_word' id='word_1_72' title='bbox 309 2047 479 2135; x_wconf 83' lang='lat' dir='ltr'><strong>Siquidem</strong></span> <span class='ocrx_word' id='word_1_73' title='bbox 498 2051 575 2134; x_wconf 88' lang='lat' dir='ltr'><strong>post</strong></span> <span class='ocrx_word' id='word_1_74' title='bbox 590 2046 726 2135; x_wconf 84' lang='lat' dir='ltr'><strong>longum</strong></span> <span class='ocrx_word' id='word_1_75' title='bbox 740 2051 883 2135; x_wconf 86' lang='lat' dir='ltr'><strong>tempus,</strong></span> <span class='ocrx_word' id='word_1_76' title='bbox 902 2049 993 2114; x_wconf 86' lang='lat' dir='ltr'><strong>eirea</strong></span> <span class='ocrx_word' id='word_1_77' title='bbox 1016 2065 1123 2114; x_wconf 90' lang='lat' dir='ltr'><strong>annos</strong></span> <span class='ocrx_word' id='word_1_78' title='bbox 1147 2047 1280 2112; x_wconf 88' lang='lat' dir='ltr'><strong>Domini</strong></span> <span class='ocrx_word' id='word_1_79' title='bbox 1294 2046 1346 2112; x_wconf 83' lang='lat' dir='ltr'><strong>CC</strong></span> 
     </span>
     <span class='ocr_line' id='line_1_13' title="bbox 308 2162 1345 2254; baseline -0.003 -26"><span class='ocrx_word' id='word_1_80' title='bbox 308 2167 344 2230; x_wconf 84' lang='lat' dir='ltr'><strong>et</strong></span> <span class='ocrx_word' id='word_1_81' title='bbox 356 2163 469 2241; x_wconf 87' lang='lat' dir='ltr'>XXX,</span> <span class='ocrx_word' id='word_1_82' title='bbox 486 2183 606 2249; x_wconf 87' lang='lat' dir='ltr'><strong>eorpus</strong></span> <span class='ocrx_word' id='word_1_83' title='bbox 618 2164 762 2250; x_wconf 88' lang='lat' dir='ltr'><strong>apostoli</strong></span> <span class='ocrx_word' id='word_1_84' title='bbox 779 2183 840 2250; x_wconf 88' lang='lat' dir='ltr'><strong>per</strong></span> <span class='ocrx_word' id='word_1_85' title='bbox 856 2162 1088 2230; x_wconf 84' lang='lat' dir='ltr'><strong>Alexandrum</strong></span> <span class='ocrx_word' id='word_1_86' title='bbox 1108 2163 1345 2254; x_wconf 86' lang='lat' dir='ltr'><strong>imperatorem</strong></span> 
     </span>
     <span class='ocr_line' id='line_1_14' title="bbox 307 2276 1345 2357; baseline -0.004 -11"><span class='ocrx_word' id='word_1_87' title='bbox 307 2279 489 2346; x_wconf 86' lang='lat' dir='ltr'><strong>Medissam</strong></span> <span class='ocrx_word' id='word_1_88' title='bbox 504 2281 676 2348; x_wconf 83' lang='lat' dir='ltr'><strong>civitatem</strong></span> <span class='ocrx_word' id='word_1_89' title='bbox 691 2279 895 2347; x_wconf 86' lang='lat' dir='ltr'><strong>translatum</strong></span> <span class='ocrx_word' id='word_1_90' title='bbox 911 2283 975 2357; x_wconf 84' lang='lat' dir='ltr'><strong>esi,</strong></span> <span class='ocrx_word' id='word_1_91' title='bbox 993 2277 1051 2344; x_wconf 90' lang='lat' dir='ltr'><strong>ubi</strong></span> <span class='ocrx_word' id='word_1_92' title='bbox 1072 2276 1113 2344; x_wconf 93' lang='lat' dir='ltr'><strong>ob</strong></span> <span class='ocrx_word' id='word_1_93' title='bbox 1129 2277 1345 2345; x_wconf 85' lang='lat' dir='ltr'><strong>sanctitatem</strong></span> 
     </span>
     <span class='ocr_line' id='line_1_15' title="bbox 308 2393 1493 2482; baseline 0 -24"><span class='ocrx_word' id='word_1_94' title='bbox 308 2394 413 2479; x_wconf 88' lang='lat' dir='ltr'><strong>ipsius</strong></span> <span class='ocrx_word' id='word_1_95' title='bbox 430 2393 572 2481; x_wconf 86' lang='lat' dir='ltr'><strong>apostoli</strong></span> <span class='ocrx_word' id='word_1_96' title='bbox 589 2415 649 2482; x_wconf 89' lang='lat' dir='ltr'><strong>per</strong></span> <span class='ocrx_word' id='word_1_97' title='bbox 662 2395 833 2463; x_wconf 82' lang='lat' dir='ltr'><strong>Christum</strong></span> <span class='ocrx_word' id='word_1_98' title='bbox 847 2395 1024 2462; x_wconf 89' lang='lat' dir='ltr'><strong>Dominum</strong></span> <span class='ocrx_word' id='word_1_99' title='bbox 1038 2393 1220 2462; x_wconf 87' lang='lat' dir='ltr'><strong>multorum</strong></span> <span class='ocrx_word' id='word_1_100' title='bbox 1237 2395 1354 2482; x_wconf 80' lang='lat' dir='ltr'><strong>signo·</strong></span> <span class='ocrx_word' id='word_1_101' title='bbox 1488 2423 1493 2428; x_wconf 88' lang='grc'>-</span> 
     </span>
     <span class='ocr_line' id='line_1_16' title="bbox 308 2510 974 2597; baseline 0.005 -23"><span class='ocrx_word' id='word_1_102' title='bbox 308 2528 383 2574; x_wconf 90' lang='lat' dir='ltr'><strong>rum</strong></span> <span class='ocrx_word' id='word_1_103' title='bbox 403 2510 567 2576; x_wconf 81' lang='lat' dir='ltr'><strong>miracula</strong></span> <span class='ocrx_word' id='word_1_104' title='bbox 588 2513 667 2578; x_wconf 87' lang='lat' dir='ltr'><strong>sunt</strong></span> <span class='ocrx_word' id='word_1_105' title='bbox 685 2514 833 2597; x_wconf 83' lang='lat' dir='ltr'><strong>patrata.</strong></span> <span class='ocrx_word' id='word_1_106' title='bbox 969 2545 974 2554; x_wconf 91' lang='lat'>·</span> 
     </span>
    </p>
   </div>
   <div class='ocr_carea' id='block_1_5' title="bbox 528 2757 1123 2811">
    <p class='ocr_par' dir='ltr' id='par_1_7' title="bbox 528 2757 1123 2811">
     <span class='ocr_line' id='line_1_17' title="bbox 528 2757 1123 2811; baseline -0.007 -1"><span class='ocrx_word' id='word_1_107' title='bbox 528 2761 571 2810; x_wconf 76' lang='lat' dir='ltr'><strong>Dll</strong></span> <span class='ocrx_word' id='word_1_108' title='bbox 594 2759 732 2811; x_wconf 70' lang='lat' dir='ltr'><strong>sarlonis</strong></span> <span class='ocrx_word' id='word_1_109' title='bbox 755 2759 879 2808; x_wconf 72' lang='lat' dir='ltr'><strong>oleoso</strong></span> <span class='ocrx_word' id='word_1_110' title='bbox 898 2759 942 2808; x_wconf 81' lang='grc' dir='ltr'><strong>ΕΤ</strong></span> <span class='ocrx_word' id='word_1_111' title='bbox 965 2757 1123 2806; x_wconf 84' lang='lat' dir='ltr'>PHILIPPO</span> 
     </span>
    </p>
   </div>
   <div class='ocr_carea' id='block_1_6' title="bbox 188 2970 1487 4211">
    <p class='ocr_par' dir='ltr' id='par_1_8' title="bbox 351 2970 1344 3059">
     <span class='ocr_line' id='line_1_18' title="bbox 351 2970 1344 3059; baseline -0.006 -20"><span class='ocrx_word' id='word_1_112' title='bbox 351 2973 495 3040; x_wconf 82' lang='lat' dir='ltr'><strong>lacobus</strong></span> <span class='ocrx_word' id='word_1_113' title='bbox 519 2972 640 3059; x_wconf 88' lang='lat' dir='ltr'><strong>Alphei</strong></span> <span class='ocrx_word' id='word_1_114' title='bbox 665 2973 773 3040; x_wconf 85' lang='lat' dir='ltr'><strong>irater</strong></span> <span class='ocrx_word' id='word_1_115' title='bbox 795 2971 927 3039; x_wconf 88' lang='lat' dir='ltr'><strong>Domini</strong></span> <span class='ocrx_word' id='word_1_116' title='bbox 949 2972 1087 3051; x_wconf 79' lang='lat' dir='ltr'><strong>dieitur,</strong></span> <span class='ocrx_word' id='word_1_117' title='bbox 1107 2971 1186 3057; x_wconf 87' lang='lat' dir='ltr'><strong>qnia</strong></span> <span class='ocrx_word' id='word_1_118' title='bbox 1204 2970 1344 3036; x_wconf 88' lang='lat' dir='ltr'><strong>Domino</strong></span> 
     </span>
    </p>

    <p class='ocr_par' dir='ltr' id='par_1_9' title="bbox 308 3079 1344 3173">
     <span class='ocr_line' id='line_1_19' title="bbox 308 3079 1344 3173; baseline -0.005 -19"><span class='ocrx_word' id='word_1_119' title='bbox 308 3089 413 3154; x_wconf 87' lang='lat' dir='ltr'><strong>Jhesu</strong></span> <span class='ocrx_word' id='word_1_120' title='bbox 441 3087 526 3154; x_wconf 84' lang='lat' dir='ltr'><strong>faeie</strong></span> <span class='ocrx_word' id='word_1_121' title='bbox 544 3088 744 3154; x_wconf 89' lang='lat' dir='ltr'><strong>simillimus.</strong></span> <span class='ocrx_word' id='word_1_122' title='bbox 773 3089 887 3154; x_wconf 88' lang='lat' dir='ltr'><strong>Minor</strong></span> <span class='ocrx_word' id='word_1_123' title='bbox 907 3091 1060 3166; x_wconf 82' lang='lat' dir='ltr'><strong>vocatur,</strong></span> <span class='ocrx_word' id='word_1_124' title='bbox 1081 3087 1159 3173; x_wconf 87' lang='lat' dir='ltr'><strong>quia</strong></span> <span class='ocrx_word' id='word_1_125' title='bbox 1174 3079 1262 3152; x_wconf 86' lang='lat' dir='ltr'><strong>alter</strong></span> <span class='ocrx_word' id='word_1_126' title='bbox 1283 3085 1344 3150; x_wconf 85' lang='lat' dir='ltr'><strong>Ja-</strong></span> 
     </span>
    </p>

    <p class='ocr_par' dir='ltr' id='par_1_10' title="bbox 309 3200 1345 3291">
     <span class='ocr_line' id='line_1_20' title="bbox 309 3200 1345 3291; baseline -0.006 -22"><span class='ocrx_word' id='word_1_127' title='bbox 309 3201 410 3270; x_wconf 85' lang='lat' dir='ltr'><strong>oobus</strong></span> <span class='ocrx_word' id='word_1_128' title='bbox 422 3207 502 3271; x_wconf 85' lang='lat' dir='ltr'><strong>anie</strong></span> <span class='ocrx_word' id='word_1_129' title='bbox 519 3207 659 3270; x_wconf 84' lang='lat' dir='ltr'><strong>vocatus</strong></span> <span class='ocrx_word' id='word_1_130' title='bbox 675 3202 750 3270; x_wconf 84' lang='lat' dir='ltr'><strong>fuit.</strong></span> <span class='ocrx_word' id='word_1_131' title='bbox 777 3203 874 3270; x_wconf 92' lang='lat' dir='ltr'><strong>Anno</strong></span> <span class='ocrx_word' id='word_1_132' title='bbox 888 3203 1005 3291; x_wconf 86' lang='lat' dir='ltr'><strong>XXX⁰</strong></span> <span class='ocrx_word' id='word_1_133' title='bbox 1024 3202 1235 3290; x_wconf 77' lang='lat' dir='ltr'><strong>episcopatus</strong></span> <span class='ocrx_word' id='word_1_134' title='bbox 1254 3200 1306 3264; x_wconf 89' lang='lat' dir='ltr'><strong>sui</strong></span> <span class='ocrx_word' id='word_1_135' title='bbox 1323 3219 1345 3264; x_wconf 90' lang='lat' dir='ltr'><strong>a</strong></span> 
     </span>
    </p>

    <p class='ocr_par' dir='ltr' id='par_1_11' title="bbox 259 3314 1345 3407">
     <span class='ocr_line' id='line_1_21' title="bbox 259 3314 1345 3407; baseline -0.004 -23"><span class='ocrx_word' id='word_1_136' title='bbox 259 3344 298 3407; x_wconf 76' lang='lat'><strong>20</strong></span> <span class='ocrx_word' id='word_1_137' title='bbox 307 3323 520 3405; x_wconf 82' lang='lat' dir='ltr'><strong>persecutore</strong></span> <span class='ocrx_word' id='word_1_138' title='bbox 543 3319 673 3405; x_wconf 82' lang='lat' dir='ltr'><strong>pertica</strong></span> <span class='ocrx_word' id='word_1_139' title='bbox 690 3317 827 3385; x_wconf 87' lang='lat' dir='ltr'><strong>fullonis</strong></span> <span class='ocrx_word' id='word_1_140' title='bbox 846 3318 1012 3404; x_wconf 87' lang='lat' dir='ltr'><strong>martyrio</strong></span> <span class='ocrx_word' id='word_1_141' title='bbox 1035 3317 1197 3402; x_wconf 86' lang='lat' dir='ltr'><strong>migravit</strong></span> <span class='ocrx_word' id='word_1_142' title='bbox 1219 3314 1261 3380; x_wconf 87' lang='lat' dir='ltr'><strong>ad</strong></span> <span class='ocrx_word' id='word_1_143' title='bbox 1277 3317 1345 3380; x_wconf 91' lang='lat' dir='ltr'><strong>Do-</strong></span> 
     </span>
    </p>

    <p class='ocr_par' dir='ltr' id='par_1_12' title="bbox 306 3432 1344 3521">
     <span class='ocr_line' id='line_1_22' title="bbox 306 3432 1344 3521; baseline -0.004 -21"><span class='ocrx_word' id='word_1_144' title='bbox 306 3436 445 3513; x_wconf 87' lang='lat' dir='ltr'><strong>minum,</strong></span> <span class='ocrx_word' id='word_1_145' title='bbox 464 3435 613 3521; x_wconf 88' lang='lat' dir='ltr'><strong>sepultus</strong></span> <span class='ocrx_word' id='word_1_146' title='bbox 628 3434 750 3501; x_wconf 90' lang='lat' dir='ltr'><strong>ibidem</strong></span> <span class='ocrx_word' id='word_1_147' title='bbox 757 3435 860 3521; x_wconf 82' lang='lat' dir='ltr'><strong>juxta</strong></span> <span class='ocrx_word' id='word_1_148' title='bbox 872 3434 1059 3520; x_wconf 76' lang='lat' dir='ltr'><strong>Templum.</strong></span> <span class='ocrx_word' id='word_1_149' title='bbox 1072 3432 1253 3518; x_wconf 85' lang='lat' dir='ltr'><strong>Philippus</strong></span> <span class='ocrx_word' id='word_1_150' title='bbox 1264 3449 1344 3499; x_wconf 82' lang='lat' dir='ltr'><strong>vero</strong></span> 
     </span>
    </p>

    <p class='ocr_par' dir='ltr' id='par_1_13' title="bbox 222 3537 1345 3637">
     <span class='ocr_line' id='line_1_23' title="bbox 222 3537 1345 3637; baseline -0.004 -22"><span class='ocrx_word' id='word_1_151' title='bbox 222 3587 225 3594; x_wconf 92' lang='lat'>·</span> <span class='ocrx_word' id='word_1_152' title='bbox 306 3551 362 3636; x_wconf 86' lang='lat' dir='ltr'><strong>qui</strong></span> <span class='ocrx_word' id='word_1_153' title='bbox 388 3551 424 3615; x_wconf 94' lang='lat' dir='ltr'><strong>in</strong></span> <span class='ocrx_word' id='word_1_154' title='bbox 451 3537 645 3618; x_wconf 83' lang='lat' dir='ltr'><strong>festivitate</strong></span> <span class='ocrx_word' id='word_1_155' title='bbox 664 3551 813 3637; x_wconf 90' lang='lat' dir='ltr'><strong>ipsorum</strong></span> <span class='ocrx_word' id='word_1_156' title='bbox 839 3551 932 3636; x_wconf 89' lang='lat' dir='ltr'><strong>prius</strong></span> <span class='ocrx_word' id='word_1_157' title='bbox 961 3549 1167 3629; x_wconf 87' lang='lat' dir='ltr'><strong>nominatur,</strong></span> <span class='ocrx_word' id='word_1_158' title='bbox 1185 3566 1259 3612; x_wconf 89' lang='lat' dir='ltr'><strong>oum</strong></span> <span class='ocrx_word' id='word_1_159' title='bbox 1285 3567 1345 3632; x_wconf 89' lang='lat' dir='ltr'><strong>per</strong></span> 
     </span>
    </p>

    <p class='ocr_par' dir='ltr' id='par_1_14' title="bbox 188 3661 1487 3871">
     <span class='ocr_line' id='line_1_24' title="bbox 188 3661 1345 3752; baseline -0.007 -20"><span class='ocrx_word' id='word_1_160' title='bbox 188 3671 193 3678; x_wconf 84' lang='grc'><strong><em>’</em></strong></span> <span class='ocrx_word' id='word_1_161' title='bbox 306 3664 461 3750; x_wconf 84' lang='lat' dir='ltr'><strong>Sythiam</strong></span> <span class='ocrx_word' id='word_1_162' title='bbox 490 3665 703 3752; x_wconf 82' lang='lat' dir='ltr'><strong>predicaret,</strong></span> <span class='ocrx_word' id='word_1_163' title='bbox 736 3662 887 3729; x_wconf 87' lang='lat' dir='ltr'><strong>infideles</strong></span> <span class='ocrx_word' id='word_1_164' title='bbox 912 3663 954 3729; x_wconf 93' lang='lat' dir='ltr'><strong>ad</strong></span> <span class='ocrx_word' id='word_1_165' title='bbox 986 3664 1097 3739; x_wconf 85' lang='lat' dir='ltr'><strong>instar</strong></span> <span class='ocrx_word' id='word_1_166' title='bbox 1126 3661 1217 3726; x_wconf 91' lang='lat' dir='ltr'><strong>illius</strong></span> <span class='ocrx_word' id='word_1_167' title='bbox 1248 3680 1345 3745; x_wconf 89' lang='lat' dir='ltr'><strong>quem</strong></span> 
     </span>
     <span class='ocr_line' id='line_1_25' title="bbox 306 3776 1487 3871; baseline -0.007 -26"><span class='ocrx_word' id='word_1_168' title='bbox 306 3778 500 3866; x_wconf 73' lang='lat' dir='ltr'><strong>predicabat</strong></span> <span class='ocrx_word' id='word_1_169' title='bbox 521 3782 630 3866; x_wconf 90' lang='lat' dir='ltr'><strong>ipsum</strong></span> <span class='ocrx_word' id='word_1_170' title='bbox 658 3778 962 3857; x_wconf 83' lang='lat' dir='ltr'><strong>eruci-affixerunt,</strong></span> <span class='ocrx_word' id='word_1_171' title='bbox 984 3778 1081 3845; x_wconf 84' lang='lat' dir='ltr'><strong>etsie</strong></span> <span class='ocrx_word' id='word_1_172' title='bbox 1108 3776 1150 3842; x_wconf 89' lang='lat' dir='ltr'><strong>ad</strong></span> <span class='ocrx_word' id='word_1_173' title='bbox 1167 3776 1344 3842; x_wconf 89' lang='lat' dir='ltr'><strong>Dominum</strong></span> <span class='ocrx_word' id='word_1_174' title='bbox 1478 3855 1487 3871; x_wconf 36' lang='lat'>,</span> 
     </span>
    </p>

    <p class='ocr_par' dir='ltr' id='par_1_15' title="bbox 306 3891 1344 3984">
     <span class='ocr_line' id='line_1_26' title="bbox 306 3891 1344 3984; baseline -0.004 -25"><span class='ocrx_word' id='word_1_175' title='bbox 306 3895 477 3981; x_wconf 86' lang='lat' dir='ltr'><strong>migravit.</strong></span> <span class='ocrx_word' id='word_1_176' title='bbox 515 3893 612 3984; x_wconf 88' lang='lat' dir='ltr'><strong>Apud</strong></span> <span class='ocrx_word' id='word_1_177' title='bbox 650 3894 833 3981; x_wconf 87' lang='lat' dir='ltr'><strong>Jeropolim</strong></span> <span class='ocrx_word' id='word_1_178' title='bbox 877 3893 1027 3980; x_wconf 87' lang='lat' dir='ltr'><strong>sepultus</strong></span> <span class='ocrx_word' id='word_1_179' title='bbox 1064 3897 1098 3959; x_wconf 89' lang='lat' dir='ltr'><strong>et</strong></span> <span class='ocrx_word' id='word_1_180' title='bbox 1134 3891 1235 3978; x_wconf 85' lang='lat' dir='ltr'><strong>juxta</strong></span> <span class='ocrx_word' id='word_1_181' title='bbox 1269 3910 1344 3957; x_wconf 87' lang='lat' dir='ltr'><strong>eum</strong></span> 
     </span>
    </p>

    <p class='ocr_par' dir='ltr' id='par_1_16' title="bbox 307 4007 1345 4096">
     <span class='ocr_line' id='line_1_27' title="bbox 307 4007 1345 4096; baseline -0.002 -22"><span class='ocrx_word' id='word_1_182' title='bbox 307 4007 371 4074; x_wconf 90' lang='lat' dir='ltr'><strong>due</strong></span> <span class='ocrx_word' id='word_1_183' title='bbox 386 4007 464 4076; x_wconf 84' lang='lat' dir='ltr'><strong>filie·</strong></span> <span class='ocrx_word' id='word_1_184' title='bbox 477 4009 550 4096; x_wconf 88' lang='lat' dir='ltr'><strong>ejus</strong></span> <span class='ocrx_word' id='word_1_185' title='bbox 568 4027 636 4074; x_wconf 87' lang='lat' dir='ltr'><strong>una</strong></span> <span class='ocrx_word' id='word_1_186' title='bbox 656 4027 677 4076; x_wconf 88' lang='lat' dir='ltr'><strong>a</strong></span> <span class='ocrx_word' id='word_1_187' title='bbox 700 4008 831 4076; x_wconf 87' lang='lat' dir='ltr'><strong>dextris</strong></span> <span class='ocrx_word' id='word_1_188' title='bbox 846 4012 880 4074; x_wconf 95' lang='lat' dir='ltr'><strong>et</strong></span> <span class='ocrx_word' id='word_1_189' title='bbox 904 4007 972 4074; x_wconf 85' lang='lat' dir='ltr'><strong>alia</strong></span> <span class='ocrx_word' id='word_1_190' title='bbox 993 4029 1013 4074; x_wconf 92' lang='lat' dir='ltr'><strong>a</strong></span> <span class='ocrx_word' id='word_1_191' title='bbox 1028 4009 1178 4076; x_wconf 84' lang='lat' dir='ltr'><strong>sinistris</strong></span> <span class='ocrx_word' id='word_1_192' title='bbox 1195 4013 1274 4076; x_wconf 87' lang='lat' dir='ltr'><strong>sunt</strong></span> <span class='ocrx_word' id='word_1_193' title='bbox 1290 4027 1345 4073; x_wconf 74' lang='lat' dir='ltr'><strong>se·</strong></span> 
     </span>
    </p>

    <p class='ocr_par' dir='ltr' id='par_1_17' title="bbox 308 4122 412 4211">
     <span class='ocr_line' id='line_1_28' title="bbox 308 4122 412 4211; baseline -0.019 -20"><span class='ocrx_word' id='word_1_194' title='bbox 308 4122 412 4211; x_wconf 87' lang='lat' dir='ltr'><strong>pulte.</strong></span> 
     </span>
    </p>
   </div>
   <div class='ocr_carea' id='block_1_7' title="bbox 0 0 1596 5012">
    <p class='ocr_par' dir='ltr' id='par_1_18' title="bbox 0 0 1596 5012">
     <span class='ocr_line' id='line_1_29' title="bbox 0 0 1596 5012; baseline 0 0"><span class='ocrx_word' id='word_1_195' title='bbox 0 0 1596 5012; x_wconf 95' lang='lat' dir='ltr'><strong> </strong></span> 
     </span>
    </p>
   </div>
  </div>
 </body>
</html>
