3180 5012
762 589 806 622 ι’-
832 557 872 634 14
897 601 941 620 .-

330 713 475 793 Domini‚
501 710 562 781 fiat
587 714 688 779 miehi
711 710 892 778 seeundum
908 711 1045 777 verbum
1066 715 1173 776 tuum.
1201 707 1283 775 Post
1307 705 1370 774 hoo

328 850 422 908 vero,
446 829 626 895 seeundum
646 829 833 904 Matheum‚
848 831 1022 892 comesset
1038 826 1241 912 desponsata
1259 826 1369 890 Maria

328 945 465 1030 loseph,
487 932 668 1029 antequam
686 943 915 1018 convenirent,
936 920 1076 1006 inventa
1103 945 1155 1006 est
1181 940 1308 1004 habeus
1332 941 1367 1002 in

328 1069 425 1130 utero
439 1063 478 1129 de
494 1063 777 1149 Spiritu-Sancto,
792 1062 810 1125 J
813 1060 918 1147 oseph
933 1066 1045 1126 autem
1058 1060 1165 1126 voluit
1182 1059 1310 1125 occulte
1322 1059 1370 1123 di-

329 1179 464 1245 mittere
482 1197 556 1243 eam
570 1199 577 1256 ;
593 1178 645 1259 eui
665 1170 805 1262 angelus
820 1174 907 1241 dixit
926 1175 961 1238 in
980 1175 1146 1259 sompnis:
1163 1175 1300 1260 loseph,
1319 1172 1368 1239 fili

329 1292 446 1371 David,
471 1292 539 1358 noli
566 1292 685 1358 timere
708 1291 858 1375 accipere
881 1289 1025 1355 Mariam
1052 1290 1225 1376 conjugem
1249 1295 1364 1368 tuam3

280 1397 290 1415 ⁰
329 1405 415 1491 quod
431 1407 519 1472 enim
543 1407 579 1470 in
597 1426 637 1471 ea
653 1409 768 1471 natum
783 1407 848 1483 est,
869 1404 910 1469 de
930 1404 1201 1489 Spiritu-Sancto
1216 1409 1288 1483 est;
1306 1424 1369 1490 pa·

267 1528 271 1534 '
330 1521 397 1586 riet
413 1519 518 1586 lilium
535 1525 569 1587 et
590 1519 727 1586 vocabis
745 1539 865 1584 nomeu
891 1519 962 1604 ejus
991 1519 1141 1584 ihesum.
1164 1519 1300 1604 loseph,
1319 1520 1368 1584 ita

330 1637 546 1713 ammonitus
575 1632 682 1701 voluit
705 1632 824 1700 deiude
844 1635 1041 1700 thesaurum
1066 1633 1128 1698 sibi
1149 1655 1169 1699 a
1189 1635 1256 1699 Deo
1276 1653 1368 1698 com·
1458 1710 1464 1722 ι

283 1749 470 1817 lOmissum
486 1770 567 1816 eura
583 1748 739 1837 pervigili
761 1748 942 1815 custodire.

615 1981 681 2046 'nu
704 1999 913 2047 unumunurn
936 1999 1057 2047 nounu

372 2208 553 2294 Completis
570 2227 650 2274 vero
668 2206 709 2272 ab
720 2206 827 2272 Adam
843 2208 987 2292 quinque
1002 2207 1138 2294 milibus
1152 2212 1285 2274 eentum
1300 2207 1366 2273 tri-

328 2325 425 2409 ginta
449 2343 509 2387 sex
537 2323 661 2399 annis·
680 2323 835 2387 veniente
864 2323 937 2406 ipso
968 2322 1027 2387 Dei
1059 2319 1128 2386 filio
1152 2323 1187 2386 in
1216 2342 1363 2401 earnem,

278 2469 280 2478 ⁴
328 2441 426 2504 tanta
446 2438 716 2522 paeeuniversus
734 2435 824 2500 orbis
840 2434 1007 2521 gaudebat
1031 2441 1068 2502 ut
1089 2438 1153 2502 toti
1176 2437 1247 2502 orbi
1264 2437 1366 2504 Octo-

327 2555 459 2629 vianuS‚
483 2552 601 2617 unicus
626 2551 850 2616 Romanorum
880 2551 1073 2636 imperator,
1104 2550 1239 2636 pacifice
1258 2553 1367 2636 presi-

329 2666 438 2733 deret.
465 2668 557 2731 Tuno
580 2666 690 2732 dictus
721 2665 925 2750 Octavianus
950 2665 1037 2730 scire
1057 2665 1165 2732 voluit
1186 2672 1268 2752 quot
1287 2687 1367 2753 pro-

328 2784 447 2865 vincie,
475 2787 556 2867 quot
583 2782 849 2865 civitates-quot
873 2785 999 2857 eastra,
1026 2785 1107 2866 quot
1124 2781 1203 2846 ville
1228 2785 1262 2847 et
1284 2785 1366 2867 quot

328 2898 480 2963 homines
505 2898 541 2961 in
564 2895 643 2962 orbe
668 2900 782 2961 essent
798 2918 805 2974 ;
823 2895 992 2982 jussitque
1012 2900 1051 2961 ut
1075 2915 1190 2961 omnes
1212 2897 1365 2962 homines

329 3012 371 3077 ad
388 3012 502 3077 urbem
514 3010 602 3075 unde
614 3009 798 3077 trahebant
812 3011 975 3095 originem
986 3015 1166 3097 pergerent
1179 3016 1214 3078 et
1226 3011 1365 3096 quilibet

279 3125 502 3198 undenarium
520 3129 717 3210 argenteum
735 3123 904 3189 valentem
927 3122 1040 3190 decem
1057 3145 1210 3190 nummos
1229 3125 1365 3190 usuales

328 3260 438 3306 seeum
455 3237 604 3304 afferret.
626 3237 751 3323 loseph
772 3243 897 3316 autem,
915 3259 989 3304 eum
1006 3245 1096 3306 esset
1110 3240 1151 3304 de
1166 3259 1288 3326 genere
1304 3239 1366 3304 Da·

328 3356 396 3433 vid,
424 3375 444 3420 a
477 3353 650 3420 Nazareth
668 3355 702 3417 in
728 3351 901 3417 Bethleem
924 3352 1095 3439 profectus
1119 3359 1172 3420 est
1195 3358 1229 3420 et
1253 3373 1364 3419 secum

327 3471 471 3535 Mariam
489 3468 596 3534 duxit.
617 3469 698 3534 Cum
722 3468 828 3552 igitur
843 3468 940 3533 ambo
960 3469 1131 3534 Bethleem
1150 3469 1366 3535 advenissent

297 3620 299 3624 ·
328 3585 538 3649 diverterunt
563 3602 597 3647 se
618 3584 784 3648 communi
804 3585 953 3648 transitu
971 3585 1061 3648 inter
1085 3582 1168 3648 duas
1193 3582 1307 3648 domos
1331 3589 1365 3650 et

327 3700 409 3764 inibi
428 3718 566 3785 presepe
590 3703 674 3764 erat.
698 3699 738 3763 In
765 3699 839 3782 ipsa
858 3698 1083 3783 igitur'noote
1109 3698 1175 3763 diei
1200 3698 1365 3764 dominice

326 3813 426 3880 beata
437 3814 546 3879 Maria
557 3814 655 3900 virgo
667 3812 772 3878 filium
794 3813 924 3899 peperit
939 3816 973 3879 et
990 3814 1025 3877 in
1037 3833 1177 3900 presepe
1190 3834 1263 3879 eum
1279 3833 1365 3899 pan-

325 3930 379 3993 nis
397 3929 584 3995 involutum
604 3929 771 4013 posuith]
792 3980 799 4009 ,
820 3927 898 3993 licet
923 3929 1026 3993 sciret
1047 3928 1173 4014 loseph
1196 3929 1298 3995 Deum
1323 3928 1364 3993 de

325 4044 436 4109 Maria
452 4043 584 4129 virgine
601 4043 822 4119 nasciturum,
846 4046 960 4107 tamen
976 4061 1102 4107 morem
1118 4063 1239 4129 gerens
1254 4045 1364 4130 patrie

325 4158 524 4225 obstetrices
545 4162 747 4236 vocaverat,
763 4156 949 4243 'quamdam
974 4155 1071 4223 Zebel
1094 4160 1230 4225 nomine
1252 4162 1287 4226 et
1312 4157 1365 4224 al-
