3180 5012
724 572 782 624 xm

233 708 349 773 mter
390 701 563 788 (leufridi
598 700 765 780 abhatn;
801 706 834 767 el
871 719 916 768 eu
958 695 980 762 6
1019 693 1079 765 des
1112 691 1270 764 calendes

235 819 374 888 d'eout:
400 803 492 888 Obiit
510 821 658 888 (lemnus
680 817 880 902 (laufridus
893 817 935 883 de
948 815 1152 900 Monleiquy
1176 815 1270 881 Lun-

235 945 324 1016 cnut,
353 936 462 1009 abbas
489 940 598 1023 liujus
624 939 691 1004 loci
722 933 777 1026 (1).
821 936 885 1002 Ces
920 933 1078 1000 uitetiuns
1100 930 1274 1019 justifient

236 1053 452 1122 l’exeulitude
472 1055 518 1121 du
541 1074 620 1119 nom
647 1051 688 1120 de
708 1050 848 1118 Aceline
866 1050 980 1116 donne
996 1051 1016 1115 i
1033 1049 1066 1115 lu
1085 1047 1213 1115 femme
1230 1048 1273 1114 de

239 1169 316 1258 Guy
331 1169 373 1238 de
389 1171 582 1258 Montigny,
604 1170 691 1237 meis
707 1187 750 1234 ne
767 1187 855 1234 nous
874 1166 989 1232 disent
1004 1165 1079 1232 rien
1097 1185 1156 1231 sur
1176 1165 1209 1232 la
1225 1163 1275 1232 fu·

237 1288 330 1354 mille
357 1291 377 1354 e
405 1287 552 1375 laquelle
578 1285 795 1372 appartenait
822 1282 958 1350 l'eieule
975 1283 1021 1349 du
1043 1283 1275 1368 chroniqueur

238 1403 399 1491 Geoffroy
419 1404 461 1470 de
482 1403 644 1470 Gourlon.
675 1401 771 1469 Nous
793 1400 922 1468 devons
939 1399 1034 1466 aussi
1052 1397 1199 1466 rectifier
1226 1398 1276 1465 les

240 1515 448 1584 indicatinns
470 1518 738 1604 genealogiques
765 1515 919 1584 dunnees
940 1535 1000 1581 sur
1019 1520 1117 1583 noire
1139 1521 1275 1598 auteur,

241 1653 302 1718 per
331 1633 378 1700 M.
398 1634 461 1701 Th.
484 1633 606 1717 Terbe,
634 1633 804 1701 claussen
820 1633 977 1700 Histoire
1004 1632 1046 1699 de
1077 1634 1112 1698 la
1137 1633 1217 1698 ville
1236 1631 1278 1700 de

238 1751 340 1834 Sene,
357 1771 443 1838 page
456 1749 533 1817 239.
553 1778 569 1813 «
586 1751 631 1816 Ge
643 1755 767 1848 ¹suvant
780 1750 960 1837 religieux,
976 1749 1077 1833 dit-il,
1093 1749 1175 1816 eluit
1188 1748 1278 1816 frere

241 1867 283 1934 de
314 1866 475 1955 Geoffroy
503 1865 545 1934 de
577 1866 940 1954 Monligny-Luncoup
970 1864 1027 1955 (2),
1056 1866 1144 1932 abbe
1169 1866 1211 1932 de
1242 1884 1279 1932 ee

243 1987 440 2050 monestere
464 1979 697 2072 (S.-P.-le-V.)
725 1990 758 2049 et
788 1981 842 2049 fils
869 1983 911 2050 de
937 1982 1014 2070 Guy
1043 1982 1085 2048 de
1106 1983 1278 2066 Laneuup.

244 2103 322 2184 pres
345 2099 387 2166 de
408 2098 620 2183 Montereeu,
641 2105 673 2166 et
693 2096 884 2167 d’Aseeline
902 2100 945 2166 de
962 2099 1081 2166 Golon.
1103 2098 1190 2164 »Au
1211 2097 1281 2164 lieu

245 2215 287 2282 de
295 2214 404 2293 inere,
422 2215 447 2280 il
463 2213 538 2281 faut
558 2216 620 2282 lire
638 2236 751 2283 neven
769 2223 802 2282 el
817 2237 861 2284 au
879 2216 949 2283 lieu
970 2217 1012 2284 de
1028 2214 1094 2294 fils,
1108 2215 1280 2300 petilliu,

245 2336 278 2396 et
305 2330 346 2396 de
368 2331 446 2415 plus
470 2332 666 2416 supprimer
686 2333 718 2398 le
738 2353 820 2398 nom
846 2333 888 2426 (le
908 2332 1039 2399 famille
1062 2331 1204 2399 accende
1225 2330 1283 2397 be-

245 2447 462 2514 nevolement
485 2450 505 2512 e
529 2447 683 2516 Aceline.
708 2447 858 2526 Quane
877 2447 1133 2537 l'orlhogruphe
1151 2447 1197 2515 du
1213 2452 1285 2514 mol

243 2563 421 2646 Luncoup,
443 2561 525 2631 u'est
548 2561 803 2653 l'orlhographe
826 2566 995 2648 ectuelle3
1017 2586 1062 2632 uu
1082 2575 1153 2632 x111⁰
1168 2561 1281 2646 siecle,

245 2697 289 2745 on
308 2680 447 2747 eerivuit
460 2682 628 2748 Laurum.
646 2681 677 2746 Α
691 2681 724 2748 lu
740 2702 827 2770 page
842 2682 896 2766 83,
914 2682 1008 2769 ligne
1023 2681 1044 2746 8
1058 2682 1104 2748 du
1119 2680 1283 2764 Libellus,

243 2815 289 2861 on
318 2803 401 2881 peut
429 2797 492 2864 lire
513 2799 680 2883 Lauroui,
713 2799 800 2865 mais
826 2799 859 2865 la
883 2799 1012 2866 lecture
1031 2804 1083 2865 est
1103 2798 1281 2865 douleuse.

247 2911 275 2977 11
298 2910 372 2979 faut
394 2913 546 3000 (turriger
567 2920 599 2981 el
618 2915 681 2981 lire
704 2917 871 2999 Laurum,
902 2913 1176 2982 conformemenl
1203 2915 1223 2979 e
1248 2932 1285 2980 ce

249 3025 351 3115 qu’un
366 3028 406 3093 lit
423 3035 614 3097 nellement
630 3051 699 3097 aux
715 3031 801 3098 obiit
820 3031 862 3097 de
879 3028 990 3098 l‘abbe
1012 3029 1173 3118 Geoffruy
1192 3035 1226 3096 et
1245 3029 1287 3096 de

249 3163 305 3212 ses
322 3148 402 3229 pere
417 3149 451 3211 ei
465 3149 571 3213 mere.

293 3261 344 3325 En
370 3265 520 3346 resume,
554 3282 592 3329 ce
621 3283 686 3350 que
716 3284 804 3331 nnus
831 3285 955 3334 savons
981 3287 1018 3332 se
1045 3265 1160 3332 reduit
1187 3267 1207 3330 u
1233 3283 1289 3330 ees

250 3377 415 3464 quelques
432 3384 541 3445 muts:
563 3379 641 3467 Guy
659 3380 702 3446 de
717 3380 1079 3470 Monligny-Lancout,
1103 3379 1285 3462 chevalier,

249 3499 283 3580 et
306 3515 344 3560 su
364 3493 492 3564 femme
516 3495 669 3582 Aeeline,
697 3503 757 3564 ont
787 3519 830 3564 eu
856 3498 947 3565 deux
972 3497 1133 3566 ensents:
1165 3518 1213 3562 un
1234 3494 1289 3561 fils

251 3609 423 3699 Geoffroy,
457 3613 517 3698 qui
547 3613 665 3680 devint
683 3615 770 3681 ebbe
795 3615 837 3681 de
858 3612 1227 3694 saint-Pienele-Vif,
1256 3619 1290 3678 ei

253 3747 320 3792 une
340 3725 422 3811 fille,
445 3731 504 3815 qui
523 3728 577 3796 fut
594 3735 688 3798 mere
704 3731 746 3798 de
763 3731 924 3820 Geoffroy
939 3732 981 3798 de
997 3730 1169 3812 Gourlon3
1192 3725 1289 3794 l'obi-

241 3843 363 3914 ‚lueire
384 3865 428 3912 ne
446 3866 535 3913 nous
554 3847 708 3933 upprend
726 3847 801 3914 rien
820 3846 862 3914 de
883 3846 972 3933 plus.

285 4043 321 4109 (1)
332 4046 390 4095 Voir
401 4059 463 4110 pege
474 4052 517 4098 185
527 4053 552 4098 el
563 4063 626 4112 page
635 4053 680 4100 233
691 4051 725 4100 du
737 4053 834 4112 present
846 4052 954 4126 vqlume.
1098 4113 1101 4116 Ι

286 4133 320 4198 (2)
336 4136 452 4198 Leneoup
469 4144 505 4187 est
515 4139 538 4186 le
554 4153 613 4188 nom
626 4140 700 4188 d’une
709 4141 829 4190 ancienne
844 4140 939 4188 rumille
954 4141 1014 4188 dont
1031 4139 1054 4189 le
1069 4137 1162 4201 village
1178 4141 1208 4190 de
1221 4141 1292 4208 Mon·

257 4224 487 4289 tigny-Luneuupu
502 4242 559 4293 requ
574 4228 597 4277 le
612 4243 722 4280 suruom.
739 4230 805 4294 (Note
815 4231 844 4280 de
856 4231 887 4280 11.
899 4229 1001 4292 Terbe.)
