3180 5012
750 497 929 562 ..40-

312 641 432 705 vetere
446 637 521 723 quis
533 655 610 704 esse
623 635 665 703 ab
679 635 871 704 hominibus
890 635 1077 716 diceretur;
1099 653 1186 702 uuus
1203 654 1264 722 pro
1275 636 1354 702 aliis

312 751 517 839 respondisti
531 773 538 817 :
551 751 601 816 Tu
610 769 646 818 es
655 750 825 831 Christus,
835 751 924 819 fllius
937 753 996 818 Dei
1008 753 1090 819 vivi.
1100 751 1147 818 Ut
1158 754 1354 819 autemcon-

312 867 470 934 fessionis
482 866 718 953 hujusquauta
728 870 819 934 esset
828 866 1025 953 magnitudo
1035 866 1123 932 idem
1132 867 1291 934 Salvator
1305 886 1357 932 os-

311 981 467 1049 tenderet
479 980 567 1047 dixit
578 980 661 1047 tibi:
678 982 803 1048 Beatus
816 1001 851 1048 es
866 981 991 1066 Symon
1010 981 1168 1068 Barjona,
1178 982 1261 1067 ,quia
1275 1001 1354 1047 caro

313 1101 348 1164 et
363 1097 502 1183 sanguis
528 1115 595 1162 non
610 1095 775 1162 revelarit
792 1095 867 1174 tibi,
884 1095 940 1162 sed
961 1102 1059 1182 pater
1074 1116 1167 1162 meus
1176 1099 1233 1182 qui
1251 1098 1354 1166 estin

315 1213 396 1277 celis
410 1233 420 1288 3
433 1215 468 1277 et
482 1230 546 1296 ego
559 1209 633 1276 dico
646 1209 720 1287 tibi,
734 1211 847 1288 Petre,
867 1211 946 1296 quia
957 1215 996 1278 tu
1010 1231 1047 1276 es
1062 1211 1185 1278 Petrus
1205 1216 1240 1278 et
1255 1231 1355 1298 super

315 1325 544 1411 hancpetram
558 1322 719 1390 edificabo
732 1324 908 1390 ecclesiam
928 1330 1095 1416 meamet
1112 1326 1174 1393 tibi
1196 1325 1281 1393 dabo
1292 1328 1358 1392 cla·

313 1461 371 1507 ves
392 1440 489 1527 regni
511 1439 670 1505 celorum.
687 1438 758 1504 Hec
776 1438 838 1505 tibi
859 1439 1024 1508 confessio
1039 1441 1143 1520 dedit,
1161 1441 1356 1515 beatissime

314 1558 428 1633 Petra,
452 1560 490 1622 ut
506 1558 585 1621 ante
599 1553 709 1620 claves
726 1555 822 1640 regni
841 1556 975 1623 celestis
993 1559 1161 1643 acciperes
1178 1577 1244 1642 qua
1257 1557 1358 1622 celes·

267 1670 304 1734 10
315 1676 367 1740 tes
375 1671 500 1758 januas
509 1670 681 1736 introires.
694 1668 806 1736 clavis
821 1670 909 1734 enim
924 1671 987 1736 celi
1002 1670 1119 1758 lingua
1130 1674 1182 1737 est
1202 1675 1274 1749 tua,
1290 1692 1356 1737 non

316 1809 397 1875 ergo
423 1787 528 1854 clavis
543 1787 611 1853 ista
632 1785 787 1852 mortalis
802 1783 943 1852 artificis
957 1790 1076 1871 aptata
1100 1790 1153 1852 est
1165 1804 1279 1862 manu,
1298 1785 1356 1851 sed

314 1903 376 1971 tibi
392 1903 472 1969 data
487 1904 540 1981 est
554 1904 589 1967 et
598 1900 720 1967 ceteris
734 1899 896 1986 apostolis
912 1899 1078 1967 aChristo
1096 1899 1248 1966 dicente:
1263 1900 1356 1975 Quod

246 2040 265 2054 r
315 2037 455 2103 cumque
467 2015 655 2102 ligaveritis
667 2033 768 2100 super
782 2017 910 2080 terram
922 2015 987 2080 erit
996 2015 1137 2100 ligatum
1156 2018 1190 2081 et
1209 2016 1355 2094 incelis,

316 2137 351 2200 et
360 2131 589 2219 quodcumque
600 2129 774 2196 solveritis
790 2148 891 2214 super
904 2132 1032 2196 terram
1045 2131 1112 2196 erit
1120 2129 1266 2196 solutum
1277 2135 1311 2198 et
1321 2132 1356 2196 in

316 2247 414 2323 celis;
445 2248 480 2312 et
509 2264 649 2330 quorum
674 2244 874 2311 remiseritis
905 2249 1044 2329 peccata
1073 2245 1216 2311 remissa
1242 2251 1355 2325 erunt,

315 2367 351 2429 et
365 2379 505 2448 quorum
519 2340 729 2426 retinueritis
739 2363 873 2426 retenta
886 2366 995 2427 erunt.
1010 2361 1112 2439 Tuae,
1127 2380 1147 2426 o
1163 2360 1358 2428 beatissime

315 2477 436 2554 Petre,
456 2477 708 2559 ceterorumque
729 2473 958 2559 apostolorum
986 2479 1021 2540 et
1048 2475 1356 2562 euvangelistarum

314 2591 475 2677 reliquias
498 2610 519 2656 a
543 2591 661 2656 sancto
682 2589 810 2667 Felice,
834 2609 921 2676 papa
939 2590 1102 2668 Romano,
1127 2610 1187 2677 per
1201 2595 1354 2658 sanctam

315 2703 593 2773 Theodechildem
605 2705 804 2791 impetratas
817 2708 851 2771 et
867 2705 903 2770 in
914 2707 974 2771 tuo
984 2707 1190 2774 monasterio
1203 2711 1357 2775 servatas

266 2821 461 2892 adscribam
482 2823 520 2887 ut
543 2811 774 2887 honorabiliuis
791 2819 992 2887 habeantur.
1002 2821 1089 2888 Nam
1101 2821 1239 2909 dignum
1255 2829 1308 2890 cst
1320 2827 1359 2889 ut

314 2937 391 3003 illos
416 2935 557 3002 ecelesia
584 2933 748 3004 celebrius
762 2938 954 3002 nominetur
973 2957 1033 3021 per
1055 2957 1137 3022 quos
1157 2941 1233 3022 post
1249 2939 1353 3003 Deum

310 3051 422 3120 totius
436 3050 612 3138 religionis
634 3051 777 3138 sumpsit
802 3050 990 3130 exordium,
1008 3056 1043 3118 et
1068 3052 1216 3137 ipsorum
1237 3053 1355 3138 signis,

317 3166 537 3250 documentis,
554 3166 686 3234 meritis
698 3170 734 3234 et
743 3154 904 3253 exemplis
917 3185 1003 3232 nove
1022 3167 1263 3252 verissimeque
1278 3164 1356 3232 fidei

318 3262 586 3349 fundamentum.
605 3281 669 3348 Isti
683 3300 764 3348 vero
781 3301 861 3348 vere
879 3282 976 3348 vinee
997 3281 1031 3346 id
1047 3285 1100 3348 est
1123 3281 1259 3348 Christo
1277 3286 1356 3349 tan-

317 3415 417 3485 quam
435 3396 595 3484 palmioes
619 3396 827 3465 adheserunt
850 3415 991 3483 quorum
1020 3395 1151 3464 fructus
1176 3397 1211 3463 in
1234 3418 1355 3485 perpe·

317 3517 414 3582 tuum
437 3533 505 3579 non
520 3513 713 3579 marcescit.

317 3763 364 3813 Dm
391 3763 515 3828 BARBA,
551 3761 789 3822 vus'mmsrsmS,
829 3761 938 3811 GRUGE
966 3763 1078 3822 ATQUE
1109 3764 1224 3812 Psnms
1254 3765 1355 3812 BEA'I'I

692 3877 795 3925 PE'I'RI
824 3877 983 3927 erosnom

360 4083 494 4168 Petrus,
522 4091 677 4177 princeps
700 4090 942 4178 apostolorum,
964 4091 1056 4158 iuter
1074 4095 1204 4159 ceteros
1224 4097 1356 4177 aposto·
