3164 5016
736 485 932 552 -114-

320 632 463 698 intuitus
478 633 568 696 esset
584 647 659 693 eam
679 647 753 708 rex,
772 627 859 693 dixit
877 627 928 692 ei:
946 627 1035 692 Bene
1053 627 1193 706 venisti,
1218 626 1361 692 bonora-

320 747 397 813 bilis
412 747 520 832 virgo,
536 746 614 832 quia
632 743 746 810 audivi
761 742 867 808 multa
884 742 924 807 de
937 748 971 809 te
996 747 1031 810 et
1052 742 1092 808 de
1106 743 1175 808 tois
1191 741 1358 828 operibns,

320 866 355 929 et
368 851 509 926 multum
529 856 717 924 desideravi
733 857 847 924 videre
863 857 993 923 vultum
1018 861 1114 924 tuum
1135 862 1170 925 et
1194 857 1361 944 pulcritu-

319 976 429 1042 dinem
442 979 535 1042 tuam
548 975 677 1040 mirari.
697 973 761 1040 Sed
782 975 871 1052 veni,
889 973 1025 1039 domina
1042 994 1129 1051 mea,
1154 973 1260 1039 adora
1279 973 1359 1038 deos

319 1092 570 1180 potentissimos
587 1095 621 1158 et
642 1091 690 1156 sio
705 1091 833 1176 pariter
852 1109 1050 1156 coronemur
1067 1092 1102 1154 in
1125 1091 1259 1156 nomine
1277 1089 1360 1154 deo-

319 1195 393 1273 rum
406 1210 660 1285 nostrorumst
673 1206 814 1293 benigne
830 1207 977 1275 vivemus
986 1226 1063 1273 cum
1075 1207 1217 1293 imperio
1227 1209 1356 1273 nostro.

320 1325 363 1393 Et
387 1314 505 1390 sancta
527 1323 631 1389 dixit:
656 1322 699 1389 Et
722 1321 764 1388 ad
792 1322 856 1389 boc
885 1324 962 1390 veni
988 1323 1054 1390 huc
1079 1326 1118 1389 ut
1139 1321 1257 1389 tradas
1275 1321 1358 1386 mibi

318 1437 582 1505 marcescibilem
598 1457 769 1515 coronam,
792 1439 871 1524 quia
886 1439 1047 1504 Dominus
1068 1457 1163 1504 meus
1181 1437 1284 1504 habet
1300 1456 1357 1503 oo·

318 1572 438 1620 ronam
451 1552 711 1640 pulchritudinis
725 1560 760 1620 et
779 1573 920 1640 regnum
934 1553 1127 1632 inmortale,
1142 1551 1230 1639 quod
1254 1553 1360 1618 omni-

272 1686 309 1750 10
319 1669 393 1748 bus,
403 1670 460 1755 qui
472 1670 507 1733 in
520 1688 556 1734 se
572 1668 726 1748 credunt,
740 1668 897 1736 daturum
913 1691 949 1736 se
964 1670 1132 1757 promisit.
1144 1667 1353 1746 Sedamnos,

318 1805 418 1872 quem
430 1788 469 1852 tu
492 1803 545 1850 ma
558 1784 676 1851 laudas
692 1784 816 1850 babere
837 1786 968 1853 etmihi
984 1785 1078 1864 dare,
1100 1788 1153 1851 est
1164 1783 1247 1848 mihi
1259 1781 1356 1869 quasi

318 1897 445 1977 fenum,
461 1898 548 1984 quod
565 1898 663 1964 hodie
679 1901 830 1966 nascitur
856 1907 891 1968 et
905 1921 981 1967 cras
1003 1903 1039 1966 in
1064 1900 1231 1966 clibanum
1246 1899 1356 1966 mitti-

318 2021 387 2094 tur,
410 2018 445 2081 et
456 2015 581 2080 arescit
604 2020 639 2082 et
663 2016 698 2081 in
727 2017 872 2082 cinerem
896 2019 1092 2096 revertitur,
1118 2021 1154 2084 ot
1179 2016 1355 2103 imperium

318 2135 413 2199 tuum
436 2131 532 2216 quasi
548 2130 619 2196 dies
641 2135 709 2197 una
728 2152 834 2219 usque
853 2133 895 2199 ad
915 2139 1061 2212 noctem,
1082 2137 1117 2200 et
1136 2132 1268 2218 quando
1288 2151 1356 2197 nox

318 2251 382 2324 est,
403 2245 500 2312 nemo
513 2247 577 2312 soit
595 2246 652 2312 ubi
669 2247 785 2325 vadat,
802 2249 881 2335 quia
897 2248 956 2314 lux
971 2252 1104 2316 nonest
1119 2249 1155 2312 in
1178 2267 1230 2313 eo.
1245 2247 1355 2334 Prop-

317 2367 413 2429 terea
438 2363 500 2428 beo
520 2357 595 2428 dico
618 2363 693 2441 tibi,
719 2369 757 2430 ut
780 2367 965 2431 revertaris
987 2386 1008 2431 a
1031 2367 1087 2432 via
1111 2369 1172 2432 tua
1195 2363 1298 2442 mala,
1319 2369 1354 2430 et

317 2478 394 2545 veni
421 2484 456 2545 et
483 2478 568 2546 dabo
589 2479 652 2545 tibi
676 2484 818 2567 regnum
846 2482 932 2566 quod
958 2500 1129 2566 nunquam
1154 2478 1298 2558 deficiet,
1319 2481 1355 2544 ct

318 2583 488 2680 nunquam
502 2594 639 2661 tenebre
660 2596 789 2663 suntin
802 2616 852 2663 eo.
876 2596 939 2662 Sed
957 2617 1099 2684 regnum
1114 2601 1211 2664 tuum
1224 2612 1355 2680 semper

318 2708 533 2777 maledictum
556 2715 609 2778 est
633 2713 712 2799 quia
743 2731 811 2778 non
834 2711 980 2778 comedis
1004 2711 1096 2778 aliud
1126 2711 1193 2776 nisi
1216 2714 1354 2798 peccata

269 2826 503 2907 20hominum,
526 2827 584 2894 sed
605 2848 665 2915 per
689 2848 727 2894 os
748 2833 844 2895 tuum
864 2829 957 2895 exire
977 2828 1080 2895 habet
1098 2825 1234 2894 flamma
1252 2827 1353 2914 ignea

319 2947 354 3010 et
371 2963 471 3030 super
489 2945 596 3032 capud
615 2950 710 3013 tuum
729 2943 836 3013 fluent
852 2943 993 3012 flumine
1009 2944 1182 3012 bullientis
1201 2963 1298 3029 aque,
1318 2946 1352 3011 et

319 3079 362 3124 ex
373 3059 498 3126 occulis
509 3061 579 3127 tuis
593 3081 723 3128 vermes
740 3062 867 3129 exient.

364 3175 399 3253 d.
414 3173 590 3242 Ornatam.
680 3176 711 3251 l.
731 3176 863 3244 Astitit.

368 3294 476 3360 Lectio
491 3293 683 3358 undecima.
702 3290 849 3378 Cumque
865 3293 933 3360 ista
950 3296 984 3359 et
1002 3293 1070 3358 alia
1086 3291 1210 3359 similia
1226 3291 1366 3378 diceret,

321 3415 439 3477 sancta
454 3409 563 3494 virgo,
581 3425 643 3472 rex
656 3407 765 3480 iratus
784 3414 837 3476 est
853 3407 962 3475 valde.
981 3410 1109 3477 Iterum
1124 3413 1242 3477 sancta
1259 3411 1356 3496 virgo

321 3529 393 3594 ait:
416 3526 484 3592 Gur
514 3543 580 3589 non
605 3522 689 3590 bene
714 3523 898 3590 irasceris?
925 3522 1055 3591 Videbo
1077 3528 1111 3591 to
1136 3523 1246 3602 modo,
1275 3523 1355 3609 quid

322 3643 404 3711 mihi
422 3639 574 3708 facturus
586 3659 622 3705 es
638 3643 775 3726 propter
795 3639 897 3725 ydola
918 3639 1020 3705 surda
1043 3643 1078 3706 et
1095 3659 1186 3718 ceca,
1211 3659 1273 3724 que
1293 3638 1356 3705 tibi

322 3757 534 3826 abstulerunt
554 3754 679 3832 lumen,
707 3757 745 3820 ut
764 3773 832 3819 non
851 3771 1071 3842 cognosceres
1088 3755 1191 3819 Deum
1213 3772 1354 3834 verum;

322 3873 380 3940 sed
402 3872 511 3940 credis
530 3871 565 3936 in
583 3875 699 3957 petras
723 3868 837 3935 aridas
861 3869 1033 3936 bominum
1056 3867 1210 3935 manibus
1233 3868 1355 3945 factas,

272 4004 311 4073 30
322 3989 440 4078 quibus
464 3986 601 4054 advenit
625 3986 688 4052 hec
710 3984 857 4071 perdicio
881 3987 916 4051 et
938 3984 1001 4052 tibi
1023 3985 1152 4072 pariter
1170 4004 1245 4051 cum
1263 3984 1355 4065 illis;

320 4110 380 4173 aut
400 4104 479 4192 quid
500 4103 595 4192 sedes
615 4103 664 4170 sic
681 4102 778 4188 quasi
794 4119 891 4167 cecus
903 4104 938 4168 et
951 4105 1064 4169 mutus
1083 4106 1119 4170 ot
1138 4101 1273 4170 surdus.
1289 4101 1358 4168 Fac
