3180 5012
666 520 711 538 ..
732 485 779 554 39
799 521 846 540 .-

233 626 352 714 gnavit
362 625 484 714 viginti
500 624 629 693 duobus
646 625 757 720 annis.
770 625 869 692 Anno
888 623 1137 711 ipsiusdeoimo
1153 625 1272 711 quinto

111 742 113 746 ’
232 740 367 810 factum
397 744 451 807 est
476 739 614 807 verbum
644 740 777 810 Domini
803 760 904 827 super
928 740 1140 819 iohannem,
1164 739 1272 809 fllium

165 909 172 926 .
232 856 405 935 Zacharie,
420 857 456 920 in
471 854 617 930 deserto.
637 856 680 925 Et
695 855 856 922 Dominus
870 855 1108 935 inmusulus
1123 856 1183 925 Dei
1204 855 1273 926 uiui
1342 891 1351 940 ς

232 959 334 1038 na'tus
350 991 394 1036 ex
402 971 513 1037 Maria
524 971 669 1058 virgine,
682 971 854 1038 tricesimo
867 970 970 1038 etatis
985 990 1043 1040 sue
1056 989 1167 1038 annoa
1176 970 1272 1040 dicto

232 1085 386 1159 Johanne
401 1084 593 1172 baptizatur
608 1087 643 1151 in
655 1085 674 1151 J
677 1084 814 1164 ordene,
832 1084 893 1151 sub
906 1085 1015 1152 altero
1027 1083 1160 1171 Herode
1176 1105 1270 1173 rege,
1286 1136 1288 1146 .

233 1201 328 1286 Gayo
342 1200 465 1267 Cesare
480 1199 634 1278 consule,
652 1199 739 1286 quod
756 1198 821 1268 suit
840 1211 918 1266 v111⁰
935 1198 1022 1286 ydus
1035 1199 1203 1278 ianuarii,
1220 1199 1273 1266 le·

232 1317 354 1411 riayn,
369 1314 552 1383 indictione
564 1331 629 1394 111²,
648 1316 728 1382 luna
740 1330 811 1382 xvr.
825 1315 984 1401 Sequenti
997 1333 1085 1382 anno
1098 1315 1118 1380 J
1120 1313 1272 1382 ohannes

234 1429 431 1511 decollatur,
458 1431 553 1518 cnjus
574 1449 694 1518 corpus
726 1431 838 1498 esuis
862 1431 1037 1519 discipulis
1055 1429 1225 1519 sepelitur.

497 1681 542 1728 DE
565 1679 698 1730 OSSIBUS
720 1681 815 1730 wsr1
837 1680 1003 1731 srmsonls

274 1893 420 1980 Symeon
446 1893 504 1958 ille
519 1893 635 1980 justus
651 1913 767 1973 senex,
788 1893 884 1981 cujus
900 1899 974 1962 etas
1002 1900 1199 1983 comparata
1218 1899 1271 1966 est
1283 1893 1319 1958 io

230 2009 337 2092 Anne,
356 2008 541 2083 secundum
552 2009 688 2092 Lucam,
706 2027 903 2097 responsum
914 2009 1289 2098 acceperaiaSpiritu··

229 2124 353 2192 Sancto
365 2143 432 2189 non
447 2124 599 2190 visurum
616 2143 652 2188 se
667 2128 810 2192 mortem
823 2124 890 2190 nisi
902 2125 996 2212 prius
1009 2125 1140 2193 videret
1152 2125 1282 2206 Chris.

200 2289 204 2296 .
229 2243 313 2306 tum.
326 2239 369 2306 Et
382 2244 559 2326 postquam
572 2239 728 2327 completi
742 2245 822 2308 sunt
835 2239 906 2306 dies
918 2242 1131 2330 purgationis
1143 2241 1265 2320 Mario,

231 2374 270 2422 ac
297 2354 386 2441 cepit
411 2373 551 2441 puerum
569 2354 708 2421 Jhesum
727 2355 763 2420 in
793 2355 931 2443 templo,
956 2355 1138 2423 secundum
1159 2357 1269 2444 legem

229 2469 353 2555 Moysi,
372 2472 407 2536 et
429 2473 548 2536 tenens
575 2489 650 2535 eum
672 2471 706 2534 in
728 2469 826 2536 ulnas
850 2489 930 2536 suas
953 2469 1128 2539 benedixit
1149 2473 1266 2552 Deum.

228 2583 303 2649 Hiis
317 2585 423 2671 igitur
438 2569 486 2650 sic
502 2585 687 2672 completis
705 2587 777 2672 ipso
794 2585 952 2672 Symeon,
970 2587 1153 2654 secundum
1171 2607 1268 2660 wsiurim

226 2699 634 2796 propheciam-dimissus
649 2691 702 2767 est
726 2700 761 2766 in
784 2721 879 2788 pace,
898 2705 945 2781 et,
975 2700 1156 2768 secundum
1180 2699 1268 2788 quod

227 2813 352 2899 legitur
375 2815 410 2880 in
433 2814 653 2894 Nichodemo,
676 2815 792 2906 inille
813 2815 993 2904 magnifica
1019 2816 1272 2886 resurrectione
1297 2829 1305 2884 ,’

228 2929 361 2995 Domini
385 2949 460 2996 oum
486 2931 564 2996 eliis
586 2929 742 2997 fidelibus
769 2935 822 3000 est
842 2931 884 2998 ab
904 2930 1023 2998 infer-is
1044 2931 1196 3000 ednotus.
1219 2932 1267 2998 De

229 3043 324 3130 cujus-
344 3043 477 3110 ossibus
495 3045 656 3132 reliquias
670 3045 845 3126 habemus,
862 3065 936 3113 cum
956 3047 1133 3134 legittimis
1148 3057 1316 3135 super-20

176 3179 180 3187 ·
228 3159 479 3247 scriptionibus,
494 3181 577 3246 quas
595 3149 778 3230 honorilice
792 3181 1041 3230 conservemus.

172 3371 174 3374 ⁵
272 3408 446 3460 unanimo
469 3412 513 3460 nn
532 3411 660 3462 samono
683 3413 795 3462 aaran
816 3413 861 3462 nr
883 3413 1023 3463 cumam
1044 3412 1223 3463 uroeronrs

582 3528 626 3576 cr
649 3528 914 3578 coruncanisms

273 3737 426 3812 OPeine‚
441 3744 559 3826 pastor
572 3744 688 3808 sancte
703 3742 858 3828 princeps
873 3742 1034 3825 Ecclesie,
1050 3741 1091 3808 de
1103 3745 1162 3810 tuo
1177 3743 1268 3829 prin·
1313 3786 1316 3792 -

226 3855 339 3940 cipeto
358 3845 409 3922 tui
425 3856 574 3944 gaudent
592 3853 709 3921 famuli
734 3858 790 3943 qui
806 3857 880 3924 tuis
899 3857 1097 3943 patrociniis
1123 3860 1157 3924 et
1180 3842 1272 3931 coti-⁴

226 3969 339 4036 dianis
352 3970 521 4038 beneficiis
537 3975 784 4041 sustentantur.
807 3975 895 4040 Nem
913 3972 979 4039 fide
997 3970 1057 4040 tu'a
1076 3973 1267 4046 rectissima
1325 3967 1327 3972 ’

229 4089 347 4154 nostra
356 4085 439 4156 fides
448 4086 622 4156 fecundior
636 4093 688 4157 est
699 4088 829 4158 effecta.
843 4089 1083 4174 Perounoiauti
1097 4108 1177 4158 vero
1190 4088 1266 4162 Sal-
