3180 5012
780 548 823 570 ...
837 515 885 582 ‘38
905 549 949 570 .-

253 673 255 678 ·
341 661 558 728 tamen'unus
579 655 688 744 major
703 656 848 740 eratqui
869 655 1021 743 princeps
1036 654 1210 722 dicebatur
1230 655 1382 726 sacerdo·

341 779 426 845 tum.
446 773 576 846 Statuit
588 775 702 840 autem
714 771 883 842 sexdecim
897 772 990 838 viros
1002 771 1043 837 de
1055 771 1196 840 Eleesa‘r
1208 775 1242 840 et
1253 775 1329 840 orto
1342 771 1382 838 dc

341 889 507 966 Ithamar,
529 891 563 956 et
579 885 761 954 secuudum
785 889 896 955 sortes
917 885 1010 953 dedit
1024 886 1205 972 unicuique
1224 885 1384 954 ebdoma-

341 1002 514 1069 damviois
534 1021 605 1068 sue.
625 1001 741 1086 Abyas
767 1005 920 1086 octavam
947 996 1068 1067 habuit
1095 999 1324 1080 ebdomadam,
1343 1002 1383 1067 dc

342 1121 437 1202 cujus
452 1135 574 1202 genere
590 1115 771 1181 Zacharias
788 1113 865 1193 fuit,
892 1117 947 1200 qui
972 1115 1070 1181 duxit
1089 1135 1228 1181 uxorem
1249 1117 1383 1182 nomine

342 1230 564 1317 Helysabeth,
592 1229 696 1299 filiam
714 1231 841 1316 sororis
865 1229 963 1295 beate
988 1229 1099 1307 Anne,
1123 1231 1242 1296 matris
1256 1229 1384 1301 beatis-

343 1348 426 1412 sime
441 1345 550 1412 Marie
565 1345 709 1432 virginis
729 1348 764 1411 et
782 1347 902 1411 matris
928 1341 991 1409 dlii
1013 1345 1072 1410 Dei
1091 1346 1171 1411 vivi.
1195 1346 1303 1413 Erant
1327 1366 1382 1412 au·

341 1465 411 1528 tcrn
424 1459 620 1526 'Zacharias
637 1463 672 1527 et
694 1458 904 1546 Helysabeth
930 1479 1027 1524 senes
1050 1463 1085 1527 et
1104 1459 1229 1545 absque
1251 1460 1381 1526 liberis.

342 1575 425 1642 Cum
440 1594 521 1662 ergo
533 1574 717 1641 vZacharias
734 1574 894 1660 templum
912 1575 1045 1640 Domini
1068 1578 1107 1640 ut
1127 1575 1300 1640 incensum
1320 1595 1385 1663 po·

296 1693 438 1766 tonaret
456 1688 787 1778 ingressus'fuissst,
816 1688 953 1756 Gabriel
978 1683 1121 1776 angelus
1145 1689 1233 1756 dixit
1258 1691 1380 1756 eiz'Ne

341 1807 476 1884 timeas,
512 1803 696 1884 Zacharia;
729 1806 890 1870 nascetur
924 1803 986 1871 tibi
1018 1801 1107 1868 filius
1138 1809 1172 1872 et
1207 1806 1384 1872 vocabitur

341 1921 526 1999 iohannes,
548 1920 606 2005 qui
620 1939 686 1985 non
707 1918 847 1985 credens
861 1921 975 1985 mutus
989 1916 1134 1985 efficitur
1148 1938 1252 2004 usque
1265 1919 1307 1986 ad
1321 1941 1385 1986 na·

340 2035 510 2103 divitatem
522 2033 596 2100 filii.
611 2034 694 2101 Post
705 2033 770 2099 hoc
782 2053 863 2100 uero
877 2031 1031 2098 iohanne
1048 2034 1082 2097 in
1100 2036 1197 2101 utero
1206 2033 1279 2120 jam
1302 2050 1398 2102 oon-³

342 2153 451 2237 cepto,
465 2167 581 2214 mense
596 2151 692 2216 sexto
707 2167 727 2213 a
747 2147 977 2235 conceptione,
992 2147 1092 2213 beata
1107 2148 1226 2234 Virgo,
1240 2170 1303 2234 que
1311 2151 1383 2237 jam

342 2265 519 2332 Dominum
542 2262 681 2328 Jhesum
704 2264 913 2349 conceperat,
931 2262 1025 2328 venit
1045 2261 1088 2327 ad
1118 2261 1328 2348 Helysabeth
1350 2269 1385 2332 et

343 2379 470 2447 mansit
492 2398 569 2443 cum
584 2398 625 2444 ea
639 2397 699 2464 per
718 2381 790 2445 tres
815 2395 947 2442 menses
962 2380 997 2442 et
1015 2376 1157 2463 amplius
1184 2378 1384 2446 ministrans

343 2495 387 2572 ei,
404 2498 587 2580 natumque
600 2494 619 2560 J
622 2493 789 2564 ohannem
802 2493 872 2558 suis
889 2491 1017 2557 sanctis
1028 2491 1182 2558 manibus
1195 2493 1334 2574 levavit,
1350 2500 1385 2563 et

343 2610 441 2694 quasi
459 2628 586 2675 morern
601 2609 718 2695 gerula
735 2606 979 2678 officiosissime
995 2607 1191 2694 peragebat.
1208 2609 1384 2677 iohannes

344 2723 508 2811 siquidem
523 2725 651 2791 teneris
667 2723 728 2790 snb
742 2724 841 2789 annis
857 2723 979 2789 civium
993 2726 1123 2789 turmas
1139 2722 1272 2810 fugiens
1283 2729 1384 2792 antra

294 2841 333 2903 20
344 2839 470 2907 deserti
489 2840 610 2926 petiit;
642 2859 710 2906 non
731 2838 887 2906 mollibus
907 2839 1064 2915 vestitus,
1089 2837 1147 2904 sed
1164 2839 1251 2924 pilos
1274 2839 1384 2906 induit

344 2955 559 3024 camelorum.
578 2955 626 3020 De
637 2954 744 3041 ipsius
762 2955 869 3020 sacris
887 2943 1099 3023 vestimentis
1120 2954 1282 3020 habemus
1301 2954 1384 3020 reti-

344 3069 441 3154 quias
465 3089 549 3154 quas
570 3088 644 3134 cum
666 3069 1006 3158 superscriptionibus
1030 3069 1095 3136 fide
1119 3069 1231 3154 dignis
1255 3069 1383 3134 abone

343 3183 504 3253 memorie
526 3182 648 3250 domno
668 3182 843 3267 Gaufrido,
865 3184 966 3271 hujus
992 3186 1057 3251 loci
1077 3183 1210 3263 abbate,
1239 3187 1381 3270 argento

343 3296 502 3366 decenter
515 3298 692 3386 impositas
706 3318 958 3366 conservamus.

676 3547 721 3596 ΒΕ
748 3547 874 3597 meluis
897 3547 1053 3596 EJUSDEM

317 3785 320 3791 ¹
386 3761 433 3827 De
448 3760 566 3848 digitis
588 3759 736 3848 ejusdem
754 3761 916 3828 habemus
930 3762 1090 3848 'reliquias
1108 3783 1171 3856 que
1184 3777 1259 3830 oum
1272 3767 1381 3851 capite
1427 3847 1429 3852 Ι

342 3877 433 3943 beati
447 3876 602 3963 Gregorii
618 3876 753 3944 invente
773 3876 922 3944 suerunt.
952 3879 1049 3944 Anno
1076 3879 1117 3945 ab
1144 3881 1382 3948 iucarnatione

343 3989 470 4056 Christi
484 3990 613 4057 decimo
623 3991 742 4077 quinto
754 3993 928 4080 Augustus
938 3995 1094 4073 moritur,
1105 4015 1193 4061 anno
1208 3997 1309 4064 etatis
1325 4017 1382 4063 sue

344 4103 553 4192 sexagesimo
565 4103 694 4180 decimo
706 4107 834 4195 quinto.
846 4109 933 4178 Huic
948 4113 1108 4184 successit
1118 4111 1281 4200 Tyberius
1291 4116 1324 4182 et
1335 4132 1385 4180 re·
