3160 5016
630 530 828 599 ...287-

207 700 303 769 corps
319 680 409 747 saint
424 682 459 748 et
472 679 566 766 prins
580 681 660 744 tous
674 678 723 744 les
739 696 878 766 ymagos
897 675 1051 765 d'argent
1067 679 1102 744 et
1119 675 1246 743 aultres

191 797 347 863 chouses
363 794 446 862 dont
465 794 568 862 estoit
584 799 761 862 convertes
778 793 845 860 led.
862 793 994 872 chiese,
1011 794 1167 860 montani
1179 790 1244 857 led.

207 915 330 1001 argent
351 911 391 978 de
410 910 497 978 xxiii
520 913 541 976 e
559 911 658 978 xxiiii
677 930 787 977 maros
805 909 961 996 d'argent
977 927 1019 974 ou
1035 909 1186 974 environ.
1205 907 1248 974 llt

203 1047 289 1115 pour
308 1048 358 1107 co,
386 1030 407 1093 a
433 1027 614 1095 l’occesion
636 1027 714 1094 dud.
734 1046 803 1106 oee,
827 1026 915 1094 ainsi
941 1025 1080 1092 commis
1098 1043 1160 1111 per
1177 1022 1243 1090 lod.
1359 1053 1362 1068 ·

205 1144 371 1224 Nobiron‚
382 1149 417 1212 et
431 1149 546 1212 autres
562 1145 715 1211 enormes
725 1162 881 1210 excossos
891 1141 973 1210 dont
985 1141 1113 1238 l'evons
1124 1141 1243 1207 trouve

202 1260 388 1347 coulpeble‚
400 1281 485 1328 nous
498 1281 604 1329 avons
618 1245 837 1347 comdempud
852 1261 874 1326 e
889 1261 979 1327 mort
991 1257 1059 1324 led.
1077 1255 1239 1339 Nobiron,

203 1380 240 1443 et
253 1374 317 1443 leit
329 1376 453 1443 rendre
468 1381 503 1445 et
519 1379 682 1446 restituor
697 1375 843 1464 l’argent
857 1374 940 1443 dont
962 1375 1067 1442 estoit
1083 1357 1242 1440 converto

203 1489 271 1558 lad.
294 1491 413 1558 chesse
440 1494 591 1560 areolos
615 1494 934 1580 reliquieirespour
960 1491 994 1556 le
1020 1509 1180 1578 repperer
1211 1493 1245 1556 ot

203 1612 328 1675 mentre
343 1629 384 1674 en
398 1608 513 1676 l’estet
528 1609 648 1696 qu’elle
663 1610 767 1677 estoit
780 1608 981 1696 pardavant,
999 1611 1033 1676 et
1049 1604 1245 1674 commende
1335 1631 1342 1649 .

204 1728 239 1791 et
259 1723 409 1790 ordonno
434 1745 496 1812 que
521 1724 562 1792 de
585 1725 731 1812 l’ergent
753 1724 874 1812 duquel
893 1725 918 1791 il
933 1743 1018 1790 eura
1037 1725 1109 1790 este
1127 1725 1248 1790 trouve

203 1838 285 1905 seisi
307 1844 342 1907 et
365 1840 491 1928 perlui
511 1840 640 1908 descire
664 1845 699 1909 et
721 1843 795 1908 oste
820 1840 860 1907 de
885 1839 953 1906 lad.
980 1837 1113 1917 chesse,
1135 1838 1247 1905 iceulx

202 1947 369 2042 religieux
391 1961 426 2024 et
444 1977 646 2045 procureurs
661 1953 855 2025 reffercient
870 1957 1005 2024 courrir
1021 1955 1244 2048 convenable-

94 2098 96 2105 ·
201 2075 295 2140 ment
317 2072 384 2138 led.
402 2072 534 2153 chasse,
560 2075 647 2140 ainsi
670 2073 789 2160 qu’elle
813 2075 914 2142 estoit
933 2073 974 2141 de
994 2078 1173 2161 pararant.
1195 2073 1243 2138 De

200 2192 313 2256 tontes
338 2189 515 2276 lesquelles
533 2188 653 2257 choses
671 2191 783 2257 iceulx
799 2191 977 2278 religieulx
993 2194 1027 2258 et
1042 2207 1242 2278 procureurs

201 2324 286 2370 nous
310 2309 370 2373 ont
393 2307 507 2392 requis
527 2312 561 2374 et
582 2306 745 2375 demendo
764 2329 820 2375 ces
840 2310 1014 2397 presentes
1035 2308 1156 2376 lectres
1172 2325 1242 2373 cer·

198 2419 408 2490 tifficatoires
424 2421 468 2488 du
484 2443 541 2490 ces
562 2422 730 2505 cessusd„
749 2445 834 2514 pour
853 2426 926 2492 leur
939 2425 1048 2492 veloir
1072 2429 1107 2492 et
1134 2424 1243 2492 servir

199 2559 241 2605 en
256 2544 364 2627 temps
380 2544 414 2608 et
428 2541 496 2608 lieu
509 2545 544 2608 et
559 2546 665 2628 quent
680 2543 819 2611 mestier
840 2562 928 2609 sere.
947 2541 1142 2628 Lesquelles
1155 2559 1241 2606 nous

200 2655 274 2721 leur
288 2676 393 2723 avons
407 2658 546 2725 octroie.
565 2657 616 2724 En
636 2659 822 2747 tesmoings
842 2658 882 2725 de
904 2678 953 2739 ce,
970 2659 1055 2724 nous
1076 2675 1181 2724 avons
1201 2675 1243 2742 cy

199 2771 263 2836 mis
283 2775 398 2838 nostre
418 2773 512 2860 seign
533 2773 668 2839 manuel
689 2777 724 2841 et
744 2772 808 2842 leit
827 2778 953 2841 mectre
973 2778 1007 2841 et
1027 2775 1241 2860 appousenc

198 2884 273 2970 plus
291 2889 393 2972 grant
411 2885 659 2966 confirmation,
684 2888 715 2954 le
735 2890 804 2956 secl
822 2888 946 2956 establi
969 2892 1004 2954 es
1026 2892 1178 2956 contratz
1199 2906 1240 2952 en

197 2999 231 3066 le
250 3001 327 3067 ville
343 3006 378 3070 et
393 3001 613 3070 chastellenie
629 3009 663 3072 et
679 3006 870 3094 seignourie
888 3005 967 3072 dud.
985 3005 1053 3072 lieu
1068 3004 1109 3071 de
1124 3003 1243 3070 Thale-

198 3117 311 3196 mond,
324 3118 355 3184 le
372 3118 550 3186 huitiesme
558 3119 639 3207 j0ur
651 3119 729 3190 dud.
745 3122 831 3188 mois
846 3120 887 3188 de
900 3141 991 3207 may,
1004 3119 1072 3187 l’en
1086 3116 1240 3198 dessusd‚

197 3233 256 3298 mil
274 3253 352 3301 cccc
370 3239 549 3321 quarente.

244 3399 357 3468 lunen
381 3400 551 3481 nolensi,
579 3402 755 3470 seneschal
776 3403 930 3472 dessusd.

244 3558 312 3624 Per
327 3558 615 3629 commendement
638 3562 679 3630 de
699 3564 814 3631 mond.
834 3566 991 3654 seigneur
1004 3565 1035 3630 le
1050 3561 1238 3642 seneschal

885 3831 888 3839 ⁴
935 3751 1104 3819 Pisonen.

602 4015 836 4032 *ἡ
