<?xml version="1.0" encoding="UTF-8"?>
<!DOCTYPE html PUBLIC "-//W3C//DTD XHTML 1.0 Transitional//EN"
    "http://www.w3.org/TR/xhtml1/DTD/xhtml1-transitional.dtd">
<html xmlns="http://www.w3.org/1999/xhtml" xml:lang="en" lang="en">
 <head>
  <title>
</title>
<meta http-equiv="Content-Type" content="text/html;charset=utf-8" />
  <meta name='ocr-system' content='tesseract 3.04.00' />
  <meta name='ocr-capabilities' content='ocr_page ocr_carea ocr_par ocr_line ocrx_word'/>
</head>
<body>
  <div class='ocr_page' id='page_1' title='image "./lelivredesreliq00prougoog_0285.png"; bbox 0 0 3168 5012; ppageno 0'>
   <div class='ocr_carea' id='block_1_1' title="bbox 720 483 919 550">
    <p class='ocr_par' dir='ltr' id='par_1_1' title="bbox 720 483 919 550">
     <span class='ocr_line' id='line_1_1' title="bbox 720 483 919 550; baseline -0.005 -16"><span class='ocrx_word' id='word_1_1' title='bbox 720 483 919 550; x_wconf 74' lang='lat'><strong>„243-</strong></span> 
     </span>
    </p>
   </div>
   <div class='ocr_carea' id='block_1_2' title="bbox 300 627 1340 2466">
    <p class='ocr_par' dir='ltr' id='par_1_2' title="bbox 300 627 1337 2231">
     <span class='ocr_line' id='line_1_2' title="bbox 300 627 1330 718; baseline 0 -22"><span class='ocrx_word' id='word_1_2' title='bbox 300 630 340 696; x_wconf 92' lang='lat' dir='ltr'>de</span> <span class='ocrx_word' id='word_1_3' title='bbox 357 627 555 696; x_wconf 84' lang='lat' dir='ltr'>Andrisiaoo</span> <span class='ocrx_word' id='word_1_4' title='bbox 573 630 816 716; x_wconf 82' lang='lat' dir='ltr'><strong>imperpetuum</strong></span> <span class='ocrx_word' id='word_1_5' title='bbox 830 629 958 716; x_wconf 80' lang='lat' dir='ltr'>vigenti</span> <span class='ocrx_word' id='word_1_6' title='bbox 973 629 1068 696; x_wconf 90' lang='lat' dir='ltr'>libris</span> <span class='ocrx_word' id='word_1_7' title='bbox 1089 629 1330 718; x_wconf 85' lang='lat' dir='ltr'>parisiensibus</span> 
     </span>
     <span class='ocr_line' id='line_1_3' title="bbox 300 745 1331 834; baseline 0 -21"><span class='ocrx_word' id='word_1_8' title='bbox 300 751 485 814; x_wconf 81' lang='lat' dir='ltr'><strong>oneretur..</strong></span> <span class='ocrx_word' id='word_1_9' title='bbox 512 745 625 812; x_wconf 83' lang='lat' dir='ltr'>abbati</span> <span class='ocrx_word' id='word_1_10' title='bbox 651 746 846 812; x_wconf 86' lang='lat' dir='ltr'>monasterii</span> <span class='ocrx_word' id='word_1_11' title='bbox 870 747 991 824; x_wconf 82' lang='lat' dir='ltr'>nostri,</span> <span class='ocrx_word' id='word_1_12' title='bbox 1018 747 1074 832; x_wconf 93' lang='lat' dir='ltr'>qui</span> <span class='ocrx_word' id='word_1_13' title='bbox 1094 767 1153 833; x_wconf 95' lang='lat' dir='ltr'>pro</span> <span class='ocrx_word' id='word_1_14' title='bbox 1181 751 1331 834; x_wconf 89' lang='lat' dir='ltr'>tempore</span> 
     </span>
     <span class='ocr_line' id='line_1_4' title="bbox 302 860 1332 949; baseline -0.002 -19"><span class='ocrx_word' id='word_1_15' title='bbox 302 864 416 942; x_wconf 84' lang='lat' dir='ltr'>suerit,</span> <span class='ocrx_word' id='word_1_16' title='bbox 440 862 539 928; x_wconf 89' lang='lat' dir='ltr'>annis</span> <span class='ocrx_word' id='word_1_17' title='bbox 565 861 706 949; x_wconf 83' lang='lat' dir='ltr'>singulis</span> <span class='ocrx_word' id='word_1_18' title='bbox 732 862 908 948; x_wconf 90' lang='lat' dir='ltr'>predicto..</span> <span class='ocrx_word' id='word_1_19' title='bbox 927 860 1041 930; x_wconf 83' lang='lat' dir='ltr'>abbati</span> <span class='ocrx_word' id='word_1_20' title='bbox 1063 862 1115 928; x_wconf 90' lang='lat' dir='ltr'>die</span> <span class='ocrx_word' id='word_1_21' title='bbox 1137 862 1224 931; x_wconf 85' lang='lat' dir='ltr'>festo</span> <span class='ocrx_word' id='word_1_22' title='bbox 1250 864 1332 930; x_wconf 92' lang='lat' dir='ltr'>bea-</span> 
     </span>
     <span class='ocr_line' id='line_1_5' title="bbox 300 977 1332 1064; baseline -0.003 -17"><span class='ocrx_word' id='word_1_23' title='bbox 300 985 411 1047; x_wconf 91' lang='lat' dir='ltr'>torum</span> <span class='ocrx_word' id='word_1_24' title='bbox 436 982 624 1064; x_wconf 86' lang='lat' dir='ltr'>martyrum</span> <span class='ocrx_word' id='word_1_25' title='bbox 648 977 820 1044; x_wconf 83' lang='lat' dir='ltr'>Savinieni</span> <span class='ocrx_word' id='word_1_26' title='bbox 851 983 884 1045; x_wconf 90' lang='lat' dir='ltr'>et</span> <span class='ocrx_word' id='word_1_27' title='bbox 914 979 1111 1045; x_wconf 85' lang='lat' dir='ltr'>Potenoiani</span> <span class='ocrx_word' id='word_1_28' title='bbox 1141 981 1176 1044; x_wconf 92' lang='lat' dir='ltr'>in</span> <span class='ocrx_word' id='word_1_29' title='bbox 1204 979 1332 1047; x_wconf 91' lang='lat' dir='ltr'>octobri</span> 
     </span>
     <span class='ocr_line' id='line_1_6' title="bbox 302 1092 1334 1183; baseline 0 -21"><span class='ocrx_word' id='word_1_30' title='bbox 302 1093 480 1162; x_wconf 84' lang='lat' dir='ltr'>reddendis</span> <span class='ocrx_word' id='word_1_31' title='bbox 496 1099 530 1163; x_wconf 90' lang='lat' dir='ltr'>et</span> <span class='ocrx_word' id='word_1_32' title='bbox 545 1094 714 1160; x_wconf 87' lang='lat' dir='ltr'>solvendis</span> <span class='ocrx_word' id='word_1_33' title='bbox 728 1095 763 1158; x_wconf 91' lang='lat' dir='ltr'>in</span> <span class='ocrx_word' id='word_1_34' title='bbox 779 1092 914 1161; x_wconf 83' lang='lat' dir='ltr'>abbatia</span> <span class='ocrx_word' id='word_1_35' title='bbox 929 1096 1126 1162; x_wconf 89' lang='lat' dir='ltr'>monasterii</span> <span class='ocrx_word' id='word_1_36' title='bbox 1139 1097 1247 1163; x_wconf 86' lang='lat' dir='ltr'>nostri</span> <span class='ocrx_word' id='word_1_37' title='bbox 1262 1116 1334 1183; x_wconf 89' lang='lat' dir='ltr'>pre·</span> 
     </span>
     <span class='ocr_line' id='line_1_7' title="bbox 302 1208 1332 1298; baseline -0.001 -20"><span class='ocrx_word' id='word_1_38' title='bbox 302 1213 396 1280; x_wconf 90' lang='lat' dir='ltr'>dicti.</span> <span class='ocrx_word' id='word_1_39' title='bbox 423 1211 492 1287; x_wconf 83' lang='lat' dir='ltr'>Quo</span> <span class='ocrx_word' id='word_1_40' title='bbox 507 1211 639 1298; x_wconf 21' lang='lat' dir='ltr'>,viginti</span> <span class='ocrx_word' id='word_1_41' title='bbox 662 1208 746 1276; x_wconf 89' lang='lat' dir='ltr'>libre</span> <span class='ocrx_word' id='word_1_42' title='bbox 769 1211 973 1297; x_wconf 82' lang='lat' dir='ltr'>parisienses</span> <span class='ocrx_word' id='word_1_43' title='bbox 992 1212 1117 1298; x_wconf 82' lang='lat' dir='ltr'>percipi</span> <span class='ocrx_word' id='word_1_44' title='bbox 1144 1210 1265 1280; x_wconf 88' lang='lat' dir='ltr'>debent</span> <span class='ocrx_word' id='word_1_45' title='bbox 1296 1213 1332 1278; x_wconf 92' lang='lat' dir='ltr'>in</span> 
     </span>
     <span class='ocr_line' id='line_1_8' title="bbox 301 1325 1331 1414; baseline -0.003 -18"><span class='ocrx_word' id='word_1_46' title='bbox 301 1327 454 1396; x_wconf 86' lang='lat' dir='ltr'>censibus</span> <span class='ocrx_word' id='word_1_47' title='bbox 468 1347 532 1414; x_wconf 89' lang='lat' dir='ltr'>que</span> <span class='ocrx_word' id='word_1_48' title='bbox 545 1326 710 1393; x_wconf 87' lang='lat' dir='ltr'>debentur</span> <span class='ocrx_word' id='word_1_49' title='bbox 731 1327 830 1392; x_wconf 89' lang='lat' dir='ltr'>annis</span> <span class='ocrx_word' id='word_1_50' title='bbox 850 1325 994 1414; x_wconf 85' lang='lat' dir='ltr'>singulis</span> <span class='ocrx_word' id='word_1_51' title='bbox 1014 1326 1103 1394; x_wconf 88' lang='lat' dir='ltr'>dicto</span> <span class='ocrx_word' id='word_1_52' title='bbox 1118 1328 1282 1413; x_wconf 90' lang='lat' dir='ltr'>prioratui</span> <span class='ocrx_word' id='word_1_53' title='bbox 1295 1329 1331 1393; x_wconf 93' lang='lat' dir='ltr'>in</span> 
     </span>
     <span class='ocr_line' id='line_1_9' title="bbox 303 1441 1332 1532; baseline -0.001 -20"><span class='ocrx_word' id='word_1_54' title='bbox 303 1445 390 1513; x_wconf 82' lang='lat' dir='ltr'>festo</span> <span class='ocrx_word' id='word_1_55' title='bbox 417 1444 507 1511; x_wconf 85' lang='lat' dir='ltr'>beati</span> <span class='ocrx_word' id='word_1_56' title='bbox 532 1443 697 1530; x_wconf 86' lang='lat' dir='ltr'>Dyonisii.</span> <span class='ocrx_word' id='word_1_57' title='bbox 729 1441 906 1510; x_wconf 88' lang='lat' dir='ltr'>Prcdictus</span> <span class='ocrx_word' id='word_1_58' title='bbox 937 1463 1016 1510; x_wconf 91' lang='lat' dir='ltr'>vero</span> <span class='ocrx_word' id='word_1_59' title='bbox 1044 1443 1159 1523; x_wconf 86' lang='lat' dir='ltr'>abbas,</span> <span class='ocrx_word' id='word_1_60' title='bbox 1196 1445 1252 1531; x_wconf 91' lang='lat' dir='ltr'>qui</span> <span class='ocrx_word' id='word_1_61' title='bbox 1272 1464 1332 1532; x_wconf 95' lang='lat' dir='ltr'>pro</span> 
     </span>
     <span class='ocr_line' id='line_1_10' title="bbox 302 1559 1335 1649; baseline -0.004 -18"><span class='ocrx_word' id='word_1_62' title='bbox 302 1568 453 1649; x_wconf 89' lang='lat' dir='ltr'>tempore</span> <span class='ocrx_word' id='word_1_63' title='bbox 476 1559 599 1639; x_wconf 83' lang='lat' dir='ltr'>fuerit,</span> <span class='ocrx_word' id='word_1_64' title='bbox 619 1579 679 1646; x_wconf 93' lang='lat' dir='ltr'>pro</span> <span class='ocrx_word' id='word_1_65' title='bbox 702 1559 801 1626; x_wconf 89' lang='lat' dir='ltr'>dictis</span> <span class='ocrx_word' id='word_1_66' title='bbox 827 1560 948 1648; x_wconf 84' lang='lat' dir='ltr'>viginti</span> <span class='ocrx_word' id='word_1_67' title='bbox 974 1559 1070 1625; x_wconf 90' lang='lat' dir='ltr'>libris</span> <span class='ocrx_word' id='word_1_68' title='bbox 1094 1560 1335 1647; x_wconf 83' lang='lat' dir='ltr'>parisiensibus</span> 
     </span>
     <span class='ocr_line' id='line_1_11' title="bbox 304 1676 1336 1768; baseline -0.002 -22"><span class='ocrx_word' id='word_1_69' title='bbox 304 1679 445 1768; x_wconf 87' lang='lat' dir='ltr'>abipso,</span> <span class='ocrx_word' id='word_1_70' title='bbox 465 1683 503 1745; x_wconf 94' lang='lat' dir='ltr'>ut</span> <span class='ocrx_word' id='word_1_71' title='bbox 525 1676 650 1744; x_wconf 88' lang='lat' dir='ltr'>dictum</span> <span class='ocrx_word' id='word_1_72' title='bbox 670 1682 738 1757; x_wconf 88' lang='lat' dir='ltr'>est,</span> <span class='ocrx_word' id='word_1_73' title='bbox 752 1679 850 1744; x_wconf 85' lang='lat' dir='ltr'>annis</span> <span class='ocrx_word' id='word_1_74' title='bbox 870 1676 1145 1764; x_wconf 86' lang='lat' dir='ltr'>singulisadicto</span> <span class='ocrx_word' id='word_1_75' title='bbox 1163 1681 1275 1764; x_wconf 91' lang='lat' dir='ltr'>priore</span> <span class='ocrx_word' id='word_1_76' title='bbox 1294 1678 1336 1744; x_wconf 87' lang='lat' dir='ltr'>ad</span> 
     </span>
     <span class='ocr_line' id='line_1_12' title="bbox 304 1793 1336 1881; baseline -0.002 -19"><span class='ocrx_word' id='word_1_77' title='bbox 304 1795 430 1863; x_wconf 91' lang='lat' dir='ltr'>dictum</span> <span class='ocrx_word' id='word_1_78' title='bbox 445 1795 625 1863; x_wconf 89' lang='lat' dir='ltr'>terminum</span> <span class='ocrx_word' id='word_1_79' title='bbox 642 1793 842 1881; x_wconf 89' lang='lat' dir='ltr'>recipiendis</span> <span class='ocrx_word' id='word_1_80' title='bbox 859 1793 1028 1860; x_wconf 86' lang='lat' dir='ltr'>tenebitur</span> <span class='ocrx_word' id='word_1_81' title='bbox 1047 1793 1088 1859; x_wconf 88' lang='lat' dir='ltr'>ad</span> <span class='ocrx_word' id='word_1_82' title='bbox 1112 1793 1336 1881; x_wconf 87' lang='lat' dir='ltr'>predictorum</span> 
     </span>
     <span class='ocr_line' id='line_1_13' title="bbox 304 1911 1336 1996; baseline -0.004 -16"><span class='ocrx_word' id='word_1_83' title='bbox 304 1912 542 1980; x_wconf 80' lang='lat' dir='ltr'>vitreariorum</span> <span class='ocrx_word' id='word_1_84' title='bbox 571 1913 851 1978; x_wconf 86' lang='lat' dir='ltr'>sustentationem</span> <span class='ocrx_word' id='word_1_85' title='bbox 878 1917 912 1978; x_wconf 92' lang='lat' dir='ltr'>et</span> <span class='ocrx_word' id='word_1_86' title='bbox 933 1911 1193 1996; x_wconf 86' lang='lat' dir='ltr'>reparationem,</span> <span class='ocrx_word' id='word_1_87' title='bbox 1220 1912 1248 1976; x_wconf 91' lang='lat' dir='ltr'>si</span> <span class='ocrx_word' id='word_1_88' title='bbox 1276 1931 1336 1976; x_wconf 91' lang='lat' dir='ltr'>ne-</span> 
     </span>
     <span class='ocr_line' id='line_1_14' title="bbox 307 2025 1337 2115; baseline -0.003 -20"><span class='ocrx_word' id='word_1_89' title='bbox 307 2048 399 2095; x_wconf 86' lang='lat' dir='ltr'>cesse</span> <span class='ocrx_word' id='word_1_90' title='bbox 412 2026 527 2106; x_wconf 88' lang='lat' dir='ltr'>fuerit,</span> <span class='ocrx_word' id='word_1_91' title='bbox 544 2028 693 2114; x_wconf 82' lang='lat' dir='ltr'>exceptis</span> <span class='ocrx_word' id='word_1_92' title='bbox 713 2028 884 2115; x_wconf 86' lang='lat' dir='ltr'>vitreariis</span> <span class='ocrx_word' id='word_1_93' title='bbox 903 2047 966 2113; x_wconf 90' lang='lat' dir='ltr'>que</span> <span class='ocrx_word' id='word_1_94' title='bbox 981 2031 1060 2094; x_wconf 90' lang='lat' dir='ltr'>sunt</span> <span class='ocrx_word' id='word_1_95' title='bbox 1079 2029 1114 2092; x_wconf 92' lang='lat' dir='ltr'>in</span> <span class='ocrx_word' id='word_1_96' title='bbox 1130 2028 1235 2093; x_wconf 89' lang='lat' dir='ltr'>crotis</span> <span class='ocrx_word' id='word_1_97' title='bbox 1257 2025 1337 2092; x_wconf 90' lang='lat' dir='ltr'>sub-</span> 
     </span>
     <span class='ocr_line' id='line_1_15' title="bbox 306 2143 1027 2231; baseline -0.003 -20"><span class='ocrx_word' id='word_1_98' title='bbox 306 2148 362 2211; x_wconf 92' lang='lat' dir='ltr'>tus</span> <span class='ocrx_word' id='word_1_99' title='bbox 382 2144 490 2231; x_wconf 85' lang='lat' dir='ltr'>majus</span> <span class='ocrx_word' id='word_1_100' title='bbox 510 2144 617 2210; x_wconf 88' lang='lat' dir='ltr'>altare</span> <span class='ocrx_word' id='word_1_101' title='bbox 635 2144 832 2210; x_wconf 90' lang='lat' dir='ltr'>monasterii</span> <span class='ocrx_word' id='word_1_102' title='bbox 853 2143 1027 2210; x_wconf 83' lang='lat' dir='ltr'>antedicti.</span> 
     </span>
    </p>

    <p class='ocr_par' dir='ltr' id='par_1_3' title="bbox 308 2258 1340 2466">
     <span class='ocr_line' id='line_1_16' title="bbox 352 2258 1339 2346; baseline -0.002 -21"><span class='ocrx_word' id='word_1_103' title='bbox 352 2260 422 2336; x_wconf 86' lang='lat' dir='ltr'>Quo</span> <span class='ocrx_word' id='word_1_104' title='bbox 443 2260 555 2326; x_wconf 88' lang='lat' dir='ltr'>omnia</span> <span class='ocrx_word' id='word_1_105' title='bbox 573 2263 612 2327; x_wconf 89' lang='lat' dir='ltr'>ut</span> <span class='ocrx_word' id='word_1_106' title='bbox 632 2264 709 2327; x_wconf 85' lang='lat' dir='ltr'>reta</span> <span class='ocrx_word' id='word_1_107' title='bbox 730 2263 889 2326; x_wconf 87' lang='lat' dir='ltr'>maneant</span> <span class='ocrx_word' id='word_1_108' title='bbox 908 2264 1008 2346; x_wconf 91' lang='lat' dir='ltr'>atque</span> <span class='ocrx_word' id='word_1_109' title='bbox 1029 2258 1138 2338; x_wconf 87' lang='lat' dir='ltr'>firme,</span> <span class='ocrx_word' id='word_1_110' title='bbox 1162 2263 1196 2326; x_wconf 87' lang='lat' dir='ltr'>et</span> <span class='ocrx_word' id='word_1_111' title='bbox 1214 2259 1339 2346; x_wconf 89' lang='lat' dir='ltr'>imper-</span> 
     </span>
     <span class='ocr_line' id='line_1_17' title="bbox 308 2374 1340 2466; baseline -0.003 -21"><span class='ocrx_word' id='word_1_112' title='bbox 308 2382 443 2466; x_wconf 90' lang='lat' dir='ltr'>petuum</span> <span class='ocrx_word' id='word_1_113' title='bbox 463 2375 637 2442; x_wconf 89' lang='lat' dir='ltr'>obtineant</span> <span class='ocrx_word' id='word_1_114' title='bbox 650 2374 779 2441; x_wconf 89' lang='lat' dir='ltr'>roboris</span> <span class='ocrx_word' id='word_1_115' title='bbox 791 2374 998 2453; x_wconf 88' lang='lat' dir='ltr'>firmitatem,</span> <span class='ocrx_word' id='word_1_116' title='bbox 1017 2375 1228 2462; x_wconf 89' lang='lat' dir='ltr'>presentibus</span> <span class='ocrx_word' id='word_1_117' title='bbox 1245 2376 1340 2442; x_wconf 90' lang='lat' dir='ltr'>litte·</span> 
     </span>
    </p>
   </div>
   <div class='ocr_carea' id='block_1_3' title="bbox 307 2489 1341 3052">
    <p class='ocr_par' dir='ltr' id='par_1_4' title="bbox 307 2489 1279 2581">
     <span class='ocr_line' id='line_1_18' title="bbox 307 2489 1279 2581; baseline -0.003 -21"><span class='ocrx_word' id='word_1_118' title='bbox 307 2495 356 2560; x_wconf 92' lang='lat' dir='ltr'>ris</span> <span class='ocrx_word' id='word_1_119' title='bbox 374 2492 487 2581; x_wconf 85' lang='lat' dir='ltr'>sigilla</span> <span class='ocrx_word' id='word_1_120' title='bbox 505 2495 623 2558; x_wconf 90' lang='lat' dir='ltr'>nostra</span> <span class='ocrx_word' id='word_1_121' title='bbox 644 2490 782 2578; x_wconf 88' lang='lat' dir='ltr'>dignum</span> <span class='ocrx_word' id='word_1_122' title='bbox 804 2489 961 2557; x_wconf 84' lang='lat' dir='ltr'>duximus</span> <span class='ocrx_word' id='word_1_123' title='bbox 981 2491 1188 2579; x_wconf 88' lang='lat' dir='ltr'>apponenda.</span> <span class='ocrx_word' id='word_1_124' title='bbox 1275 2519 1279 2527; x_wconf 87' lang='lat'><em>·</em></span> 
     </span>
    </p>

    <p class='ocr_par' dir='ltr' id='par_1_5' title="bbox 309 2608 1341 3052">
     <span class='ocr_line' id='line_1_19' title="bbox 354 2608 1337 2695; baseline -0.002 -19"><span class='ocrx_word' id='word_1_125' title='bbox 354 2611 475 2679; x_wconf 88' lang='lat' dir='ltr'>Datum</span> <span class='ocrx_word' id='word_1_126' title='bbox 490 2613 524 2676; x_wconf 90' lang='lat' dir='ltr'>et</span> <span class='ocrx_word' id='word_1_127' title='bbox 546 2613 658 2676; x_wconf 88' lang='lat' dir='ltr'>actum</span> <span class='ocrx_word' id='word_1_128' title='bbox 677 2609 712 2672; x_wconf 92' lang='lat' dir='ltr'>in</span> <span class='ocrx_word' id='word_1_129' title='bbox 726 2608 864 2674; x_wconf 84' lang='lat' dir='ltr'>abbacia</span> <span class='ocrx_word' id='word_1_130' title='bbox 875 2612 994 2675; x_wconf 86' lang='lat' dir='ltr'>nostra</span> <span class='ocrx_word' id='word_1_131' title='bbox 1010 2610 1044 2673; x_wconf 91' lang='lat' dir='ltr'>in</span> <span class='ocrx_word' id='word_1_132' title='bbox 1060 2608 1205 2695; x_wconf 88' lang='lat' dir='ltr'>capitulo</span> <span class='ocrx_word' id='word_1_133' title='bbox 1221 2613 1337 2675; x_wconf 90' lang='lat' dir='ltr'>nostro</span> 
     </span>
     <span class='ocr_line' id='line_1_20' title="bbox 309 2725 1340 2814; baseline -0.001 -22"><span class='ocrx_word' id='word_1_134' title='bbox 309 2726 458 2814; x_wconf 83' lang='lat' dir='ltr'>generali</span> <span class='ocrx_word' id='word_1_135' title='bbox 476 2725 673 2793; x_wconf 85' lang='lat' dir='ltr'>festivitatis</span> <span class='ocrx_word' id='word_1_136' title='bbox 695 2729 886 2792; x_wconf 87' lang='lat' dir='ltr'>sanctorum</span> <span class='ocrx_word' id='word_1_137' title='bbox 908 2730 1095 2812; x_wconf 83' lang='lat' dir='ltr'>martyrum</span> <span class='ocrx_word' id='word_1_138' title='bbox 1119 2725 1291 2792; x_wconf 84' lang='lat' dir='ltr'>Saviniani</span> <span class='ocrx_word' id='word_1_139' title='bbox 1306 2730 1340 2791; x_wconf 91' lang='lat' dir='ltr'>et</span> 
     </span>
     <span class='ocr_line' id='line_1_21' title="bbox 310 2829 1341 2928; baseline -0.004 -18"><span class='ocrx_word' id='word_1_140' title='bbox 310 2843 519 2922; x_wconf 83' lang='lat' dir='ltr'>Potenciani,</span> <span class='ocrx_word' id='word_1_141' title='bbox 533 2829 763 2910; x_wconf 64' lang='lat' dir='ltr'>anno&#39;Domini</span> <span class='ocrx_word' id='word_1_142' title='bbox 776 2842 951 2911; x_wconf 88' lang='lat' dir='ltr'>millesimo</span> <span class='ocrx_word' id='word_1_143' title='bbox 964 2841 1191 2910; x_wconf 88' lang='lat' dir='ltr'>ducentesimo</span> <span class='ocrx_word' id='word_1_144' title='bbox 1204 2846 1341 2928; x_wconf 84' lang='lat' dir='ltr'>septua-</span> 
     </span>
     <span class='ocr_line' id='line_1_22' title="bbox 310 2959 605 3052; baseline 0 -26"><span class='ocrx_word' id='word_1_145' title='bbox 310 2961 437 3052; x_wconf 85' lang='lat' dir='ltr'>gesimo</span> <span class='ocrx_word' id='word_1_146' title='bbox 452 2959 605 3047; x_wconf 87' lang='lat' dir='ltr'>septimo.</span> 
     </span>
    </p>
   </div>
   <div class='ocr_carea' id='block_1_4' title="bbox 309 3265 1342 3587">
    <p class='ocr_par' dir='ltr' id='par_1_6' title="bbox 309 3265 1342 3587">
     <span class='ocr_line' id='line_1_23' title="bbox 358 3265 1340 3355; baseline -0.001 -23"><span class='ocrx_word' id='word_1_147' title='bbox 358 3265 409 3332; x_wconf 89' lang='lat' dir='ltr'>On</span> <span class='ocrx_word' id='word_1_148' title='bbox 441 3266 484 3334; x_wconf 91' lang='lat' dir='ltr'>lit</span> <span class='ocrx_word' id='word_1_149' title='bbox 514 3287 573 3334; x_wconf 89' lang='lat' dir='ltr'>sur</span> <span class='ocrx_word' id='word_1_150' title='bbox 604 3266 635 3334; x_wconf 86' lang='lat' dir='ltr'>le</span> <span class='ocrx_word' id='word_1_151' title='bbox 658 3267 743 3355; x_wconf 84' lang='lat' dir='ltr'>repli</span> <span class='ocrx_word' id='word_1_152' title='bbox 769 3269 866 3335; x_wconf 74' lang='lat' dir='ltr'>:XX</span> <span class='ocrx_word' id='word_1_153' title='bbox 895 3270 975 3335; x_wconf 82' lang='lat' dir='ltr'>libre</span> <span class='ocrx_word' id='word_1_154' title='bbox 1002 3273 1209 3353; x_wconf 79' lang='lat' dir='ltr'>parisienses</span> <span class='ocrx_word' id='word_1_155' title='bbox 1238 3285 1340 3352; x_wconf 25' lang='lat' dir='ltr'>cruper</span> 
     </span>
     <span class='ocr_line' id='line_1_24' title="bbox 309 3384 1342 3471; baseline 0.002 -23"><span class='ocrx_word' id='word_1_156' title='bbox 309 3386 503 3469; x_wconf 78' lang='lat' dir='ltr'>prioratum</span> <span class='ocrx_word' id='word_1_157' title='bbox 532 3384 571 3450; x_wconf 85' lang='lat' dir='ltr'>de</span> <span class='ocrx_word' id='word_1_158' title='bbox 590 3385 788 3452; x_wconf 80' lang='lat' dir='ltr'>Aadrtstooo</span> <span class='ocrx_word' id='word_1_159' title='bbox 811 3407 871 3471; x_wconf 80' lang='lat' dir='ltr'>pro</span> <span class='ocrx_word' id='word_1_160' title='bbox 899 3390 1148 3452; x_wconf 79' lang='lat' dir='ltr'>soetootoctoce</span> <span class='ocrx_word' id='word_1_161' title='bbox 1174 3391 1342 3452; x_wconf 71' lang='lat' dir='ltr'>vitrorum</span> 
     </span>
     <span class='ocr_line' id='line_1_25' title="bbox 313 3505 1163 3587; baseline 0.005 -21"><span class='ocrx_word' id='word_1_162' title='bbox 313 3505 510 3567; x_wconf 78' lang='lat' dir='ltr'>monosterii</span> <span class='ocrx_word' id='word_1_163' title='bbox 536 3507 652 3586; x_wconf 77' lang='lat' dir='ltr'>nostri,</span> <span class='ocrx_word' id='word_1_164' title='bbox 681 3508 825 3587; x_wconf 78' lang='lat' dir='ltr'>acceptis</span> <span class='ocrx_word' id='word_1_165' title='bbox 847 3507 966 3570; x_wconf 77' lang='lat' dir='ltr'>vitreis</span> <span class='ocrx_word' id='word_1_166' title='bbox 990 3505 1029 3569; x_wconf 87' lang='lat' dir='ltr'>de</span> <span class='ocrx_word' id='word_1_167' title='bbox 1053 3507 1163 3570; x_wconf 77' lang='lat' dir='ltr'>erotis.</span> 
     </span>
    </p>
   </div>
   <div class='ocr_carea' id='block_1_5' title="bbox 0 0 1609 5012">
    <p class='ocr_par' dir='ltr' id='par_1_7' title="bbox 0 0 1609 5012">
     <span class='ocr_line' id='line_1_26' title="bbox 0 0 1609 5012; baseline 0 0"><span class='ocrx_word' id='word_1_168' title='bbox 0 0 1609 5012; x_wconf 95' lang='lat' dir='ltr'> </span> 
     </span>
    </p>
   </div>
  </div>
 </body>
</html>
