3180 5012
748 515 904 592 ,2-

304 664 380 753 lege
406 667 514 733 veteri
545 669 729 732 annotatas
757 665 854 732 nobis
880 665 1049 732 subtiliter
1079 661 1343 729 demonstratur.
1371 674 1374 680 “

305 782 405 860 Nam,
422 784 466 860 „in
486 781 736 847 constructione
761 781 971 848 tabernaculi
1005 781 1076 858 Dei,
1103 798 1185 865 saga
1210 778 1344 842 cilicina

306 895 534 962 subtilissimis
556 897 696 962 cortinis
721 895 899 980 conjuncta
924 894 1016 960 fuere
1038 895 1126 961 etin
1148 893 1250 976 archa
1272 893 1344 959 Noe

304 1013 459 1094 immittis
482 1011 580 1076 belua
593 1017 709 1097 erepta
724 1010 788 1076 luit
803 1011 999 1077 exicialibus
1015 1009 1113 1074 undis
1128 1008 1246 1074 diluvii
1268 1028 1343 1073 cnm

304 1127 438 1193 homine
459 1133 646 1193 mansueto.
667 1128 734 1192 Per
754 1147 837 1213 saga
855 1146 935 1193 vero
957 1127 1090 1191 cilicina
1115 1125 1267 1194 homines
1285 1143 1345 1188 rn-

303 1242 446 1319 dissimi,
465 1242 613 1307 nondum
630 1242 732 1320 docti,
751 1244 892 1308 cervicis
907 1242 983 1307 duri
1001 1247 1036 1308 et
1049 1242 1159 1327 asperi
1179 1240 1345 1306 denotan-

301 1361 371 1434 tur,
395 1359 451 1442 qui
474 1358 568 1423 intra
590 1362 743 1423 sanctam
761 1357 945 1422 Ecclesiam
961 1354 1341 1442 piissimiscatholicis,

302 1471 602 1562 subtilissimisque,
632 1472 841 1550 doctoribus,
876 1471 1175 1557 Sancti-Spiritus
1210 1471 1339 1555 gratia,

300 1607 359 1673 per
374 1586 561 1652 doctrinam
579 1585 773 1652 mellifluam
796 1587 1044 1673 Scriptnrarum
1059 1591 1094 1653 et
1115 1586 1350 1669 eloquentiam·

254 1697 523 1768 10rectissimam
546 1702 808 1788 conjunguntur,
827 1701 960 1768 dicente
980 1699 1122 1786 quodam
1145 1700 1338 1786 propheta:

299 1816 409 1882 Erunt
423 1836 528 1901 prava
544 1818 579 1880 in
594 1820 686 1882 recta
703 1820 737 1882 et
755 1835 876 1901 aspera
893 1816 928 1879 in
939 1816 1014 1882 vias
1030 1815 1160 1900 planas,
1176 1818 1211 1880 et
1227 1813 1310 1879 illud
1330 1835 1338 1878 :

299 1930 427 1996 Ponam
443 1930 603 1997 tenebras
625 1950 737 1997 coram
756 1931 805 1996 eis
820 1932 855 1994 in
871 1931 979 1996 lucem
997 1935 1030 1995 et
1051 1949 1157 2015 prava
1182 1929 1217 1993 in
1233 1932 1339 1994 recta.

299 2045 441 2131 Insuper
455 2052 507 2112 est
532 2046 619 2130 quod
646 2047 681 2110 in
704 2046 809 2112 archa
828 2046 900 2111 Noe
926 2046 1082 2111 immittis
1097 2044 1212 2121 belua,
1233 2043 1267 2109 id
1289 2051 1341 2110 est

297 2163 470 2246 peccatrix
484 2162 610 2237 anima,
642 2181 662 2226 a
681 2161 853 2246 perpetuis
871 2160 1164 2246 dampnationibus
1183 2160 1338 2244 eripitur,

298 2274 430 2358 quando
451 2294 509 2339 cor
527 2275 674 2340 hominis
694 2274 814 2340 durum
831 2282 866 2341 et
882 2295 1036 2361 asperum
1052 2293 1111 2360 per
1128 2273 1339 2359 disciplinam

293 2388 519 2473 justissimam
540 2396 574 2455 et
588 2387 775 2454 doctrinam
799 2388 945 2455 eflicitur
961 2394 1184 2471 mansuetum,
1205 2387 1338 2454 dicente

297 2503 459 2588 Apostolo
478 2503 520 2568 ad
536 2503 729 2568 Romanos:
752 2503 962 2589 Quecumque
985 2479 1110 2589 scriptu¹
1125 2506 1204 2568 sunt
1216 2502 1258 2568 ad
1276 2521 1339 2567 no-

298 2623 404 2684 stram
420 2618 608 2684 doctrinam
624 2620 751 2705 scripta
765 2624 846 2686 sunt
861 2624 900 2685 ut
914 2639 975 2704 per
988 2620 1190 2704 pacientiam
1207 2625 1240 2685 et
1254 2638 1338 2683 con-

298 2732 497 2799 solationem
511 2734 761 2820 Scriptnrarum
777 2754 867 2819 spem
881 2733 1078 2800 habeamus.
1088 2735 1156 2799 Per
1171 2734 1257 2819 quod
1273 2735 1339 2799 evi·

249 2842 287 2904 20
298 2846 416 2914 denter
439 2854 578 2934 apparet
599 2848 685 2934 quod
707 2868 747 2914 ea
768 2869 830 2934 qne
847 2848 1102 2934 predecessores
1123 2850 1338 2934 scripxernnt

298 2961 339 3027 ad
355 2963 507 3049 exempla
532 2968 567 3029 et
586 2962 848 3030 consolationem
870 2960 1084 3048 sequentibus
1112 2956 1333 3050 reliquerunt.

341 3076 424 3142 Inde
445 3082 498 3142 est
526 3077 612 3163 quod
632 3097 693 3163 ego
713 3078 868 3144 immittis
896 3075 994 3142 belua
1023 3096 1206 3163 sagumque
1231 3078 1337 3142 cilici-

297 3188 379 3256 num
397 3191 514 3258 videns
540 3190 813 3277 predecessorum
844 3192 1030 3277 scripturas
1054 3211 1153 3278 super
1183 3192 1334 3276 reliquiis

298 3312 491 3373 sanctornm
515 3311 549 3371 et
572 3312 765 3373 sanctarum
786 3307 821 3370 in
849 3311 966 3372 nostro
990 3288 1196 3372 monasterio
1220 3305 1334 3370 Sancti

297 3421 391 3487 Petri
407 3422 485 3487 Viri
501 3421 704 3487 Senonensis
719 3420 902 3486 honorifice
917 3423 1060 3488 servatis
1082 3420 1233 3506 longevis
1247 3423 1336 3484 tem-

297 3536 434 3621 poribus
443 3541 515 3620 jam
525 3537 711 3602 transactis
727 3536 850 3612 editaS,
868 3535 952 3601 adeo
964 3541 1136 3602 veteratas
1156 3518 1196 3600 'ut
1211 3533 1334 3617 absque

297 3633 497 3716 difficultate
515 3670 581 3715 non
599 3650 735 3717 valeant
756 3652 970 3737 recognosci,
985 3652 1064 3735 quia
1091 3652 1139 3714 sic
1158 3650 1232 3716 viro
1252 3647 1334 3712 reli-

298 3769 392 3854 gioso
417 3767 523 3852 priori
549 3771 666 3831 nostro
689 3766 816 3852 placuit
835 3785 998 3832 renovare
1014 3767 1116 3831 etiam
1132 3764 1172 3829 de
1192 3763 1335 3849 prolixis

297 3883 406 3948 nostri
421 3880 549 3948 cenobii
564 3881 659 3946 libris
673 3880 867 3947 brevissime
885 3879 1038 3967 eligendo
1055 3879 1264 3946 conscribere
1282 3877 1335 3943 di-

249 3995 287 4060 30
297 4017 399 4084 gnum
422 3996 514 4074 duxi,
534 3997 583 4062 ita
600 4000 713 4061 tamen
734 4001 772 4063 ut
792 3994 924 4060 libellus
943 4015 963 4060 a
988 4015 1041 4060 me
1054 3996 1176 4061 minori
1193 3991 1335 4058 inferio-

297 4112 391 4197 rique
406 4111 515 4177 editus
531 4111 631 4197 jussu
656 4110 798 4197 predicti
819 4110 942 4196 prioris
963 4129 1065 4195 penes
1081 4110 1258 4178 sacristam
1278 4127 1335 4173 re-
