3168 5012
775 509 972 576 -208-

402 653 487 724 Item
508 652 591 722 obiit
611 653 808 734 Nicholans,
829 655 977 744 probiter
995 657 1314 737 Sancti-Saviniani,
1331 676 1392 746 pro

359 780 423 848 qno
446 761 548 830 habet
571 766 780 840 conventus,
812 784 912 853 snper
936 765 1067 833 vineam
1089 766 1125 831 in
1154 786 1270 854 campo
1303 765 1393 832 Fen-

358 877 468 943 Droue
500 881 535 944 et
574 897 674 965 super
700 878 833 946 vineam
859 878 901 945 ad
932 877 1109 958 Censeias,
1139 882 1173 947 vi
1203 901 1230 948 s.
1257 882 1281 946 ii
1301 879 1334 946 d.
1355 901 1388 967 p.

357 992 544 1062 reddendos
568 992 610 1060 ad
634 993 861 1082 supradictum
881 997 1074 1064 terminum.

387 1117 442 1166 Istis
462 1117 560 1166 duobus
580 1118 760 1166 anniuersariis
782 1122 806 1166 et
824 1132 869 1196 pro
885 1120 1056 1170 anniversario
1071 1121 1174 1170 Adeline
1191 1122 1221 1171 de
1234 1121 1393 1184 Servlguiaoo

357 1208 424 1268 quod
436 1207 463 1256 nt
474 1208 502 1256 in
514 1209 650 1268 Septembri
658 1214 682 1257 et
693 1208 720 1256 in
731 1208 775 1256 illo
788 1210 848 1258 festo
859 1209 992 1272 rcripbitur
1002 1211 1045 1259 ille
1054 1213 1098 1271 qui
1109 1213 1188 1270 debet,
1203 1215 1227 1259 et
1239 1215 1393 1273 computetur

357 1297 574 1358 septennario.-
590 1300 681 1347 Petrue
695 1301 936 1358 Arecomicorum
948 1307 972 1348 et
986 1303 1028 1348 Per
1035 1303 1090 1349 rins
1104 1303 1259 1350 (triberos.
1270 1317 1298 1359 p.

404 1399 529 1470 Eadem
562 1399 628 1478 die,
658 1398 742 1466 obiit
772 1399 928 1483 Thomas
961 1400 1125 1487 quendem
1158 1401 1252 1488 prior
1265 1400 1393 1468 Sancti·

357 1517 542 1595 Sanctiani,
571 1534 631 1601 pro
660 1534 723 1601 quo
750 1514 853 1584 habet
878 1521 1073 1600 conventus,
1116 1537 1216 1604 super
1247 1518 1392 1603 quinque

357 1634 530 1725 quarteria
549 1631 646 1699 vinee
669 1631 770 1718 juxta
794 1631 923 1699 colman
945 1633 1265 1712 Sancti-Sanctiani,
1287 1634 1336 1698 iiii
1361 1653 1389 1700 s.

354 1773 399 1839 p.‚
419 1753 454 1818 ri
468 1750 501 1815 d.
520 1747 714 1827 elemosina,
726 1750 760 1815 vi
776 1746 809 1813 d.
827 1745 1029 1836 pulsatores,
1048 1748 1235 1816 reddendos
1247 1751 1282 1814 iu
1297 1768 1393 1815 cras·

354 1869 427 1936 tino
448 1865 832 1934 Omnium-Sanctorum.

385 1993 452 2041 Istud
465 1990 666 2041 anniversarium
681 1993 836 2051 computetur
848 1990 875 2038 in
888 1988 948 2038 teoto
957 1991 1253 2048 Omnium-Sanctorum,
1261 1990 1321 2050 qnia
1333 1993 1392 2038 tunc

355 2083 466 2134 debetur.
483 2107 512 2119 -
526 2063 667 2130 Mater-irrue
679 2082 820 2138 taulariae.

399 2183 432 2247 7.
452 2218 496 2229 -
514 2179 634 2249 Nonis,
660 2215 704 2230 —
728 2179 892 2248 Obierunt
914 2181 1114 2248 Lambertus
1129 2185 1163 2249 et
1178 2179 1387 2258 Helisabeth,

356 2315 454 2382 uxor,
477 2315 537 2383 pro
553 2295 672 2382 quibus
685 2296 786 2382 habet
802 2300 998 2376 conventre,
1024 2301 1270 2384 superterram
1291 2316 1390 2382 quam

356 2414 438 2481 emit
458 2412 516 2492 Η.,
534 2411 767 2490 marescallus,
783 2410 873 2478 filius
889 2430 1017 2490 eorum,
1039 2412 1127 2500 apud
1141 2411 1392 2482 Sanctum-Lu-

355 2550 446 2617 pum,
472 2532 508 2597 ix
524 2549 554 2596 s.
576 2529 610 2595 vi
627 2528 657 2595 d.
679 2549 727 2616 p.‚
748 2529 782 2595 vi
799 2527 832 2595 d.
854 2528 1048 2597 elemosina.

386 2657 453 2708 Prior
464 2657 494 2706 de
505 2656 599 2706 Nautio.

401 2757 434 2824 8.
451 2792 494 2810 ·-
509 2757 593 2824 VIII
612 2755 678 2822 Yd.
704 2791 748 2804 -
771 2754 834 2822 Ob.

398 2885 479 2952 9.-
493 2883 560 2950 VII
574 2882 690 2949 Yd.-
704 2881 819 2950 Sancti
835 2881 988 2949 DIonisii.
999 2881 1091 2951 Obiit
1111 2883 1274 2972 magister
1286 2885 1391 2950 Bene-

356 3000 479 3080 dictus,
495 3000 674 3066 canonious
687 2999 919 3077 Biturioensis,
929 3019 1062 3085 proquo
1075 2999 1177 3067 habet
1192 3004 1386 3082 conventre,

246 3129 248 3134 '
356 3114 1387 3203 superrineamdeChallielSancti-Johannis,ixs.tur.,vid.

357 3231 551 3310 elemosina,
561 3232 595 3298 vi
610 3229 643 3296 d.
656 3229 858 3317 pulsatores,
872 3230 1156 3317 persolvendosin
1166 3229 1253 3298 festo
1263 3231 1392 3298 Sancti·

356 3349 521 3435 Dyonisii,
537 3331 619 3416 utin
631 3347 756 3415 litteris
766 3348 858 3413 curie
874 3346 1077 3413 Senonensis
1095 3348 1297 3415 continetur.

387 3474 506 3524 canonici
520 3474 603 3522 Sancti
616 3471 703 3522 citici.

403 3573 591 3644 10.-v1
616 3572 683 3638 Yd.
717 3605 759 3622 -
784 3570 946 3639 Obierunt
976 3569 1143 3668 Letarrius
1165 3571 1294 3650 Macue,
1322 3571 1392 3636 Ro·

356 3694 471 3762 bertus
488 3698 523 3760 et
537 3691 711 3779 Dyonisia,
734 3709 794 3776 pro
818 3687 936 3775 qulbus
954 3687 1057 3763 habet
1075 3692 1271 3766 conventus,
1293 3706 1392 3775 super

357 3812 525 3878 sanceium
542 3829 586 3876 au
610 3828 653 3887 ru¹
670 3805 775 3873 Belim
795 3806 881 3893 quod
897 3804 961 3873 fuit
981 3804 1142 3892 Stephani
1157 3806 1314 3882 Bousart,
1332 3805 1393 3869 xix

357 3948 385 3993 s.
402 3931 443 4006 t.,
455 3927 489 3994 vi
499 3923 531 3992 d.
550 3924 785 4003 elemosinavi
801 3922 832 3990 d.
842 3923 1043 4009 pulsatores,
1058 3921 1123 3988 hac
1135 3920 1189 3987 die
1201 3919 1388 4003 solvendos

355 4047 389 4111 et
412 4045 525 4130 potest
544 4043 651 4108 sasire
668 4046 852 4110 conventus
871 4061 932 4128 pro
953 4038 1084 4109 defectu
1103 4039 1280 4107 solnti0nIs
1300 4039 1392 4106 utin

356 4159 480 4227 litteris
500 4160 703 4226 contiuetur.
