3164 5016
643 529 839 598 ...109-

222 674 282 740 illa
311 665 398 740 dixit
421 671 509 741 illis:
540 671 653 738 Nolite
675 669 756 738 llere
777 690 876 757 supet
898 689 963 748 me,
994 668 1051 736 sed
1075 689 1173 756 super
1197 689 1257 735 vos

223 791 314 876 ipsas
333 788 420 856 flete.
438 789 482 855 Et
493 788 566 874 ipsa
577 788 674 874 virgo
686 787 828 855 canebat
845 787 939 873 quasi
954 785 996 854 ad
1016 787 1155 874 nupcias
1169 786 1258 852 invi-

223 910 308 973 tata.
328 907 372 974 Et
397 917 472 972 cum
492 906 655 972 intrasset
670 923 851 982 carcerem,
873 905 960 990 cepit
983 903 1127 990 psallere
1150 907 1185 970 et
1205 902 1259 968 di·
1329 956 1333 966 .

223 1041 298 1088 cere
313 1043 320 1086 :
336 1022 354 1086 J
360 1021 467 1100 udica,
482 1021 632 1098 Domine,
652 1025 810 1088 nocentes
830 1039 883 1085 me
898 1040 905 1085 :
922 1020 968 1085 Te
981 1018 1093 1096 laudo,
1120 1019 1258 1084 Domine

223 1137 241 1201 J
245 1137 327 1203 hesu
345 1135 492 1214 Christe,
510 1137 614 1222 quies
628 1134 823 1202 benedictus
838 1135 873 1200 in
890 1134 1014 1206 secula,
1032 1154 1141 1199 amen.

268 1262 300 1340 n.
327 1253 358 1318 A
380 1253 448 1318 Deo
464 1250 674 1338 parentibus,
765 1261 793 1336 p.
814 1253 898 1318 Dum
911 1255 1038 1319 tamen.

134 1399 137 1406 =
227 1371 419 1436 insecundo
435 1379 610 1453 nociturna,
626 1370 813 1454 antiphona
827 1378 857 1435 et
869 1373 997 1454 psalmi
1011 1369 1050 1436 dc
1069 1369 1259 1452 Vinqtntbus

268 1495 298 1570 y.
320 1486 434 1574 Specie
450 1490 519 1553 tua.

269 1602 374 1669 Lectio
392 1605 523 1686 quinto.
548 1599 793 1670 Recedentibus
815 1599 1039 1683 carnificibus
1062 1621 1137 1667 ecce
1163 1619 1263 1688 ange·
1373 1638 1376 1644 <

226 1717 278 1783 lus
299 1718 431 1784 Domini
458 1717 622 1804 Raphael,
646 1717 743 1803 quasi
763 1722 885 1786 uentus
907 1735 1008 1784 urens
1022 1716 1166 1794 ualidus,
1182 1715 1310 1794 tulitin

226 1837 356 1922 petram
374 1832 515 1922 desuper
538 1851 624 1913 eam,
650 1836 685 1900 et
701 1831 823 1898 ibidem
847 1833 1025 1899 immutata
1040 1835 1097 1898 est
1109 1832 1206 1916 quasi
1220 1831 1264 1896 ci-

227 1953 290 2017 nis.
315 1951 359 2018 Et
375 1951 449 2036 ipsa
467 1949 553 2017 hora
567 1949 662 2017 salva
676 1947 767 2016 factu
782 1945 846 2016 est.
866 1948 985 2015 Altera
1004 1946 1070 2026 die,
1086 1948 1180 2014 misit
1201 1967 1263 2013 rex

228 2066 269 2135 ad
290 2084 472 2143 carcerem,
491 2071 530 2132 ut
544 2064 676 2131 uideret
691 2065 719 2130 si
738 2065 810 2152 Jam
834 2068 968 2132 mortua
990 2068 1080 2132 esset
1094 2087 1104 2142 ς
1119 2063 1176 2130 sad
1190 2083 1262 2130 ear·

227 2181 342 2248 nilices
361 2182 565 2249 inuenerunt
583 2201 657 2247 eam
677 2181 808 2252 illesam
836 2186 870 2248 et
897 2180 1111 2249 adduxerunt
1129 2200 1202 2247 eam
1222 2180 1264 2246 ad

227 2317 355 2386 regem.
370 2299 463 2364 Tunc
476 2296 564 2366 dixit
581 2299 612 2364 ei
629 2316 713 2364 rex:
734 2297 816 2372 Quis
837 2298 971 2364 sanauit
986 2296 1090 2364 ubera
1102 2294 1186 2364 tuat
1203 2296 1266 2363 Vel

228 2417 303 2501 quis
327 2419 361 2482 te
385 2413 426 2480 de
453 2412 565 2500 lapide
593 2413 764 2481 liberauit.
788 2413 913 2482 Sancta
935 2414 1042 2502 Virgo
1068 2412 1263 2500 respondit:

228 2531 299 2618 Ego
313 2525 420 2599 babeo
437 2530 640 2597 mammillas
653 2531 805 2618 integras
821 2531 913 2600 intus
926 2530 962 2596 in
976 2530 1089 2596 anima
1105 2549 1179 2596 mea
1192 2529 1267 2616 plus

229 2648 397 2734 speciosas
423 2667 505 2733 quas
528 2650 607 2714 ante
636 2646 764 2724 habui;
784 2647 939 2714 visitavit
959 2666 1012 2712 me
1029 2646 1189 2712 Dominus
1209 2663 1269 2732 per

229 2763 385 2850 angelum
400 2782 510 2842 suum,
528 2761 585 2848 qui
594 2763 734 2829 nimium
750 2760 898 2828 custodit
909 2781 1030 2850 corpus
1042 2782 1163 2830 meum.
1180 2761 1268 2828 Dicit

229 2881 260 2946 ei
274 2900 355 2946 rex:
380 2881 429 2945 Tu
447 2899 514 2946 non
537 2878 658 2946 adoras
687 2878 767 2945 deos
790 2879 846 2965 qui
871 2883 908 2947 te
925 2878 1155 2946 liberaverunt
1179 2882 1213 2945 et
1232 2881 1315 2948 teto

231 2995 359 3062 salvam
375 2994 540 3062 lecerunt.
557 2993 682 3062 Sancta
695 2995 791 3082 virgo
808 2994 998 3081 respondit:
1015 2993 1146 3082 Optime
1160 2995 1269 3081 impe-

231 3095 338 3192 rator,
368 3131 471 3198 quare
491 3131 559 3178 non
576 3109 745 3178 erubescis
771 3111 954 3199 stulticiam
977 3111 1095 3179 tuami
1113 3112 1152 3177 In
1178 3111 1270 3178 veri-

231 3234 303 3297 tate
322 3228 396 3294 dico
408 3227 471 3295 tibi
488 3227 576 3314 quod,
590 3232 628 3295 tu
644 3227 783 3292 insanus
806 3247 855 3292 es.
878 3228 999 3294 Nonne
1014 3226 1086 3293 dixi
1105 3227 1166 3294 tibi
1183 3225 1269 3313 quod

232 3345 280 3411 dii
294 3346 345 3413 tui
364 3347 444 3412 sunt
463 3343 556 3409 surdi
569 3348 603 3410 et
623 3344 708 3410 muti
728 3347 763 3410 et
781 3343 939 3410 demones
957 3343 1152 3430 deceptores
1167 3342 1272 3432 chris·

233 3459 426 3528 tianorumi
448 3460 491 3526 Et
510 3463 549 3528 tu
578 3438 699 3524 surdus
718 3457 857 3527 effectus
882 3480 919 3526 es
950 3464 984 3526 et
1012 3459 1209 3546 desperatus
1231 3458 1271 3526 de

234 3577 292 3642 Dei
312 3575 554 3642 misericordia.
572 3574 665 3641 Tunc
685 3575 794 3644 iratus
820 3595 881 3642 rex
904 3575 992 3642 dixit
1013 3574 1056 3642 ad
1069 3573 1269 3642 carnifices:

233 3692 415 3760 Accendite
438 3693 564 3780 ignem,
581 3697 615 3759 et
636 3691 751 3778 ponite
771 3690 929 3758 cacabum
956 3711 1115 3780 magnum
1138 3691 1271 3778 plenum

235 3832 334 3898 aqua,
358 3817 393 3878 et
417 3809 517 3878 facite
543 3807 674 3878 fervere
697 3829 772 3876 eum
801 3814 927 3896 septem
954 3809 1071 3878 diebus
1095 3815 1129 3877 et
1144 3814 1271 3896 septem

235 3927 402 4007 noctibus,
419 3933 458 3996 ut
473 3931 547 3995 tota
561 3927 684 3994 ibidem
703 3931 831 4014 pereat,
852 3935 890 3996 ut
907 3947 969 3994 neo
988 3928 1099 4015 pulvis
1115 3927 1271 3993 invenia-

234 4050 293 4112 tur
316 4064 359 4110 ex
373 4065 424 4111 ean
445 4045 489 4112 Et
511 4041 665 4111 fecerunt
683 4045 771 4111 sicut
792 4049 987 4133 preceperat
1002 4065 1075 4112 rex.
1096 4041 1267 4130 Calefacto
1284 4043 1323 4110 30

238 4161 374 4239 cacabo,
390 4161 425 4226 in
441 4160 583 4247 septimo
597 4158 652 4226 dio
667 4161 833 4228 miserunt
849 4181 923 4228 eam
938 4162 1030 4230 intus
1045 4164 1080 4228 et
1094 4180 1275 4249 cooperue-
