3180 5012
738 501 916 568 ..42-

310 647 375 712 cina
389 646 478 712 >anni
503 648 679 730 postquam
704 642 793 708 fllius
820 641 997 728 Theophili
1022 641 1199 710 defunctus
1223 642 1344 710 luerat

240 755 243 758 ’
307 759 374 828 Sub
394 757 459 824 hac
470 758 576 845 igitur
594 756 784 842 sponsione,
809 746 1014 841 Theophilus
1029 757 1184 843 permisit
1206 757 1348 824 Paulum

310 874 353 941 ad
381 875 519 941 Petrum
543 847 689 960 ingrediss
714 873 872 957 Dixitque
897 873 1024 938 Paulus
1045 873 1160 951 Petro,
1185 872 1349 958 quomodo

307 990 599 1056 resuscitationem
612 986 673 1054 lilii
685 987 847 1073 principis
861 986 1107 1073 spopondisset.
1124 987 1185 1054 (lui
1200 988 1324 1054 Petrus
1339 1003 1357 1052 ε·
1458 1054 1469 1072 ,

308 1104 478 1171 Grandem
493 1123 563 1169 rem
584 1103 780 1188 promisisti.
804 1102 879 1185 Sed,
903 1122 978 1168 cum
1003 1103 1126 1169 Petrus
1145 1102 1285 1170 eductus
1308 1103 1349 1168 de

306 1238 441 1286 carcere
470 1237 531 1305 pro
561 1237 600 1283 eo
636 1220 778 1299 orasset,
818 1217 977 1284 continuo
1006 1217 1212 1284 resurrexit.
1255 1219 1349 1284 'lunc

298 1335 466 1422 „princeps
487 1333 593 1400 etalii
614 1332 828 1418 quamplures
843 1333 984 1398 Domino
999 1331 1104 1398 Jhesu
1119 1332 1346 1413 crediderunt,

307 1453 341 1517 et
365 1449 547 1535 gloriosam
565 1447 741 1514 ecclesiam
762 1444 1025 1514 fabricaverunt.
1053 1447 1094 1512 In
1117 1448 1212 1535 cujus
1239 1448 1349 1516 medio

308 1564 475 1632 excelsam
510 1561 707 1629 cathedram
743 1560 959 1640 collocantes,
1006 1563 1145 1630 Petrum
1191 1562 1351 1631 decenter

264 1675 300 1740 10
310 1669 562 1758 exaltaverunt}
579 1678 614 1743 in
640 1697 707 1763 qua
729 1681 856 1763 septem
881 1677 981 1742 annis
1007 1676 1107 1755 sedit,
1128 1677 1186 1743 sed
1200 1655 1351 1764 postmo'

310 1794 388 1862 dum
417 1796 558 1862 Romam
592 1793 732 1860 veniens
765 1793 802 1857 in
831 1790 996 1858 cathedra
1025 1792 1215 1878 quindecim
1238 1795 1350 1860 annis.

309 1915 393 1982 Post
411 1914 535 1981 multos
551 1910 695 1991 labores,
714 1909 858 1998 apostoli
875 1911 998 1977 Petrus
1024 1915 1060 1979 et
1083 1912 1210 1978 Paulus
1229 1913 1350 1999 Symo-

309 2048 386 2100 nem
408 2048 542 2116 magum
567 2026 779 2095 orationibus
801 2045 914 2092 coram
939 2027 1073 2093 Nerone
1093 2026 1346 2094 destruxerunt.

309 2143 435 2220 Quibus
452 2145 544 2211 Nero
557 2144 663 2211 dixit:
688 2143 848 2228 Suspecto
869 2142 981 2208 animo
1004 2160 1057 2206 me
1072 2139 1231 2216 lecistis3
1247 2161 1348 2228 prop-

294 2262 403 2327 terea
415 2259 503 2326 malo
519 2278 579 2328 vos
599 2258 751 2344 exemplo
764 2256 914 2345 perdam.
934 2256 1099 2343 Deditque
1112 2275 1169 2322 eos
1185 2258 1220 2322 in
1238 2259 1349 2324 mani-

309 2371 372 2442 bus
391 2374 537 2452 Paulini,
565 2377 599 2440 et
620 2373 783 2438 Paulinus
798 2371 942 2440 tradidit
962 2390 1019 2437 eos
1042 2372 1078 2436 in
1100 2370 1253 2438 custodia
1273 2373 1349 2438 Ma*

187 2553 190 2558 .
310 2488 447 2555 mertini
462 2487 523 2556 sub
540 2507 621 2555 cura
633 2488 778 2565 militum
799 2487 955 2552 Processi
971 2491 1005 2553 et
1026 2485 1246 2580 Martiniani;
1266 2508 1349 2574 quos

311 2604 433 2670 Petrus
458 2603 500 2670 ad
521 2603 620 2671 fldem
642 2605 821 2672 convertit.
849 2602 941 2668 Unde
959 2621 1127 2670 carcerem
1144 2610 1350 2691 aperuerunt

312 2723 348 2787 et
369 2737 426 2786 eos
450 2719 574 2787 hberos
593 2706 806 2787 dimiserunt.
833 2718 1012 2810 Rogabant
1031 2739 1112 2808 ergo
1133 2719 1257 2788 fratres
1283 2721 1350 2786 Pe·
1462 2704 1465 2707 ¹

262 2825 401 2904 2⁰trum
418 2839 457 2903 ut
471 2835 549 2900 inde
564 2834 747 2913 recederet,
760 2839 881 2901 etcum
894 2833 1066 2901 discedere
1081 2835 1199 2914 nollet,
1211 2835 1349 2903 tandem
1438 2859 1449 2868 ·

332 2950 460 3018 evictus
473 2948 627 3036 precihus
643 2948 820 3017 abscessit.
843 2950 975 3016 Etcum
996 2951 1146 3018 venisset
1161 2950 1204 3016 ad
1216 2955 1348 3037 portam

311 3065 368 3132 uhi
388 3063 513 3131 dicitnr
521 3063 645 3132 Sancta
662 3065 774 3132 Maria
796 3063 838 3130 ad
855 3064 981 3130 Passus
999 3063 1085 3132 vidit
1098 3065 1161 3130 sibi
1175 3065 1348 3133 Christum

311 3170 486 3246 occurrere
496 3182 531 3246 et
548 3178 619 3246 ait:
639 3179 780 3252 Domine
798 3198 862 3263 quo
873 3177 994 3245 radisl
1012 3178 1072 3245 Oui
1086 3179 1263 3246 Christus:
1285 3181 1349 3246 Ve-

311 3293 368 3359 nio
388 3293 529 3362 nomam
543 3292 667 3360 iterum
680 3290 843 3378 cruciligi.
861 3292 932 3366 Quo
949 3291 1066 3358 audito
1082 3294 1204 3359 Petrus
1222 3294 1324 3362 rediit
1332 3319 1346 3376 ‚;
1457 3367 1460 3373 ,

312 3427 451 3494 cumque
474 3407 536 3474 hec
563 3405 725 3476 iratribus
748 3407 935 3484 retulisset,
959 3425 981 3472 a
1007 3407 1173 3474 ministris
1202 3395 1348 3478 Neronis

311 3525 443 3612 capitur
469 3526 504 3590 et
527 3520 678 3609 prefecto
702 3523 830 3608 Agripe
858 3525 1086 3607 presentatur.
1110 3523 1203 3589 Tunc
1226 3525 1349 3592 Petrus

310 3644 471 3724 tanquam
495 3638 686 3725 alienigena
705 3639 822 3724 jussus
851 3640 903 3703 est
926 3635 1089 3724 crucifigi.
1113 3638 1248 3717 Petrus,
1271 3640 1349 3706 dum

309 3754 460 3821 venisset
474 3753 516 3820 ad
532 3773 675 3831 crucem,
698 3754 771 3819 ait:
798 3753 883 3827 Quia
897 3771 964 3818 non
979 3772 1052 3817 sum
1072 3752 1193 3840 dignus
1208 3755 1258 3821 ita
1275 3752 1349 3822 esse
1367 3822 1373 3838 ‚

311 3867 346 3931 in
368 3887 466 3934 cruce
494 3872 533 3934 ut
560 3868 720 3933 Dominus
748 3887 852 3945 meus,
882 3886 1013 3932 crucem
1037 3888 1145 3934 meam
1172 3872 1294 3957 girate,
1315 3878 1350 3940 et

263 3981 419 4070 accepite
437 3983 591 4050 demerso
606 3981 793 4070 crucifigite
806 4003 860 4048 me
873 4005 882 4062 ;
893 3981 896 3987 ’
906 3982 992 4067 quod
1011 3984 1060 4050 sic
1074 3984 1237 4054 fecerunt.
1257 3991 1350 4054 Tunc

240 4131 243 4136 >
310 4098 450 4188 populus
470 4097 584 4166 furore
599 4099 747 4187 repletus
762 4097 895 4168 volebat
918 4097 1089 4166 Neronem
1113 4107 1148 4169 et
1164 4101 1349 4191 prefectum
