3180 5012
673 529 852 596 ’.51-

250 673 404 758 spiritum
419 670 637 749 exhalabant,
652 675 690 737 ut
705 672 739 735 in
747 671 829 738 Vite
843 675 877 738 et
891 672 1065 740 Miraculis
1076 673 1185 739 sancti
1196 671 1283 738 Gre-

227 787 331 872 ,gorii
348 788 527 873 reperitur.

333 1001 507 1086 NARRATIO
534 1039 578 1084 DE
602 1037 839 1086 SEP'PUAGINTA
859 1037 990 1086 DUOBUS
1011 1037 1195 1086 DISCIPULIS
1282 1097 1283 1107 γ

702 1153 825 1201 DOMINI

291 1367 387 1434 Inter
402 1364 520 1432 beatos
534 1368 568 1432 et
582 1365 748 1451 gloriosos
768 1363 884 1430 fideles
898 1364 1086 1431 Salvatoris
1106 1367 1141 1431 et
1161 1365 1286 1430 amicos

246 1481 322 1548 illos
338 1483 495 1568 precipue
514 1480 670 1547 venerari
694 1478 792 1546 debet
812 1479 963 1546 Ecclesia
975 1499 1065 1588 puos
1082 1480 1153 1565 ipse
1178 1479 1288 1554 Domi-

249 1621 312 1666 nus
327 1602 362 1666 in
380 1619 482 1667 carne
497 1615 711 1686 presensper
731 1598 876 1683 seipsum
896 1597 1010 1684 elegit
1038 1598 1185 1672 Quorum
1200 1596 1287 1663 oculi

247 1715 339 1783 beati
355 1716 412 1802 qui
433 1705 589 1781 incarne
610 1714 790 1780 Dominum.
811 1711 1131 1799 presentemuidere
1154 1732 1289 1780 merus·

245 1833 327 1897 runt
341 1829 348 1895 !

291 1946 387 2012 Inter
422 1964 505 2030 ques
538 1945 648 2010 sancti
688 1943 832 2030 apostoli
867 1944 1012 2030 primum
1042 1944 1287 2030 proculdubio
1301 1958 1337 2025 10

247 2061 356 2126 locum
385 2063 515 2127 tenent.
541 2059 604 2126 Sed
621 2060 777 2145 qnoniam
797 2059 1041 2146 Euvangelium
1074 2059 1202 2127 Christi
1228 2080 1289 2146 per

247 2175 407 2242 mundum
436 2177 630 2242 universum
651 2175 891 2262 divulgandum
919 2181 994 2243 erat
1023 2179 1058 2243 et
1084 2195 1288 2262 perpaucos

247 2292 424 2358 universas
454 2290 571 2357 mundi
601 2292 756 2359 nationes
792 2292 905 2358 doceri
936 2289 1071 2357 difficile
1095 2291 1286 2370 videbatur,

248 2411 427 2493 eapropter
441 2406 634 2493 designavit
649 2407 810 2472 Dominus
823 2411 858 2474 et
871 2406 956 2472 alios
976 2407 1194 2494 septuaginta
1207 2406 1290 2474 duos

248 2521 452 2609 discipulos3
472 2521 512 2587 de
528 2542 667 2607 quorum
677 2539 827 2591 'numero
841 2521 933 2587 fuere
949 2521 1125 2608 pontifices
1142 2526 1177 2589 et
1197 2541 1292 2589 mar-

247 2641 343 2724 tyres
378 2636 529 2714 Christi,
565 2637 674 2705 sancti
709 2637 912 2704 savinianus
939 2641 974 2703 et
1004 2636 1233 2703 Potencienus
1256 2641 1290 2702 et

248 2773 363 2820 eorum
377 2753 581 2821 venerabilis
594 2753 734 2839 collega,
751 2755 889 2818 sanctus
898 2754 1031 2835 martyr
1041 2749 1190 2817 Altinus.
1201 2749 1290 2824 Quos

249 2869 402 2954 denique,
425 2870 514 2936 sicut
542 2868 711 2954 apostolos
739 2867 853 2954 passio
889 2867 1022 2933 Domini
1053 2865 1288 2944 contristavit,

248 2983 452 3051 resurrectio
482 2981 672 3064 letificavit,
690 2981 975 3066 'ascensionisque
1003 2981 1156 3067 potentia
1185 2981 1292 3048 mira-

165 3165 168 3170 ,
247 3098 325 3186 bilis
346 3097 388 3165 ad
402 3097 585 3185 cogitanda
601 3097 740 3164 celestia
761 3097 969 3183 provocavit.
985 3097 1028 3164 Et
1044 3096 1131 3166 dum¹
1144 3097 1341 3184 comple-'20

248 3218 368 3282 rentur
398 3214 469 3280 dies
499 3215 742 3282 Penthecostes
770 3235 845 3280 cum
870 3214 947 3280 aliis
980 3219 1079 3282 erant
1096 3214 1235 3301 ¹pariter
1255 3215 1290 3280 in

166 3327 169 3332 ’
249 3329 363 3396 eodem
379 3329 452 3396 looo
471 3335 512 3398 et
536 3331 655 3417 repleti
683 3334 763 3398 sunt
783 3330 1049 3418 Spiritu-Sancto
1069 3334 1103 3397 et
1131 3335 1291 3416 ceperunt

207 3460 210 3469 ’
249 3444 339 3530 loqui
353 3447 459 3514 variis
477 3446 613 3534 linguis,
633 3451 734 3534 prout
749 3446 1053 3534 Spiritus-Sanctus
1067 3447 1170 3515 dabat
1182 3447 1291 3533 eloqui

250 3558 331 3625 illis.
1218 3557 1221 3562 ’

302 3673 329 3740 Ο
359 3679 530 3762 martyres
562 3677 671 3744 sancti
710 3682 745 3744 et
779 3678 893 3757 beati,
938 3700 957 3745 ο
994 3679 1229 3746 misericordes
1258 3684 1293 3746 et

202 3866 205 3870 ,
252 3791 405 3876 propicii,
423 3812 442 3857 o
460 3796 616 3878 potentes
637 3799 672 3860 et
687 3793 920 3879 benignissimi
936 3795 1071 3881 patroni
1089 3795 1210 3872 nostri,
1233 3785 1293 3881 pe'r

192 3941 195 3943 ·
250 3909 401 3971 uestrum
417 3906 612 3975 habitantes
639 3909 674 3974 in
694 3909 902 3976 monasterio
929 3930 993 3995 quo
1015 3913 1132 3977 vestra
1152 3929 1292 3996 corpora
1325 3943 1347 3956 -·

251 4007 469 4104 continentur
487 4022 684 4092 delictorum
701 4023 835 4091 veniam
850 4025 1021 4110 percipere
1033 4023 1171 4092 ualeant
1184 4025 1293 4092 inter-

249 4141 398 4205 ventum.
