3180 5012
659 521 703 539 ..
725 487 770 554 55
792 521 836 539 ..

233 629 311 696 dum
324 585 561 730 ettilibertum
578 647 653 694 eum
666 627 755 694 aliis.
771 629 816 696 Et
826 631 947 714 postea
959 627 1103 695 Senouis
1116 643 1274 696 reversus

235 766 309 810 cum
329 747 446 811 sancto
468 743 673 810 Potenciano
689 763 810 830 passus
830 743 907 822 fuit,
933 743 1028 831 cujus
1054 764 1175 830 corpus
1199 765 1273 811 cum

236 877 375 946 corpore
398 857 488 926 beati
506 859 703 926 Potenciani
717 859 864 945 positum
880 864 933 927 est
958 863 993 926 et
1010 859 1227 928 translatum.

497 1111 672 1160 uaaanrro
696 1111 740 1158 un
763 1091 1012 1161 muoonurmus

278 1324 325 1389 De
343 1316 583 1391 Innocentibus
599 1322 759 1390 scribitur
778 1323 827 1390 sic
844 1325 879 1389 in
893 1323 1042 1392 Matheo.
1062 1322 1214 1392 Herodes
1228 1327 1276 1392 vi·
1376 1301 1385 1322 ’

232 1438 314 1505 dens
331 1439 418 1525 quod
432 1439 553 1505 illusus
568 1443 659 1506 esset
675 1460 695 1505 a
709 1440 834 1526 Magio,
848 1440 959 1506 iratus
971 1443 1024 1506 est
1037 1438 1135 1506 valde
1150 1444 1185 1508 et
1200 1439 1276 1506 mit-

209 1641 211 1646 !
231 1557 309 1620 tens
327 1552 449 1620 occidit
466 1553 590 1620 multos
604 1573 727 1639 pueros
748 1555 805 1639 qui
820 1559 919 1622 erant
933 1555 967 1619 in
990 1554 1161 1623 Bethleem
1185 1560 1220 1623 et
1239 1557 1274 1621 in

232 1667 387 1732 omnibus
401 1666 524 1733 finibus
539 1668 624 1754 ejus,
644 1667 825 1735 secundum
840 1667 926 1754 quod
945 1671 1153 1755 exquisierat
1165 1689 1186 1736 a
1198 1671 1275 1736 Ma-

232 1783 297 1868 gis.
312 1784 361 1849 De
373 1783 456 1870 ipsis
471 1783 633 1869 reliquias
654 1783 818 1850 habemus
836 1807 844 1864 ;
873 1804 937 1870 quo
961 1789 1111 1871 tempore
1133 1790 1168 1853 et
1190 1807 1274 1872 quo-

230 1896 328 1965 modo
343 1919 383 1964 ea
400 1898 578 1970 habuimus
594 1890 783 1966 declarabo.
864 1931 869 1940 ·
1286 1897 1363 1986 ¹0¹

275 2149 319 2197 DE
333 2129 568 2201 'cORPUsctJms
592 2152 710 2238 novum
730 2141 956 2201 INNOGENTUM
981 2149 1047 2208 Qun
1069 2149 1228 2200 nubamus

275 2360 496 2427 Innocentum
520 2355 718 2448 corpuscula
741 2379 873 2440 novem,
890 2365 929 2429 ut
949 2359 1085 2440 dicitur,
1111 2381 1132 2426 a
1155 2363 1273 2427 sancto

231 2475 399 2553 Ursicino,
421 2475 588 2560 quondam
605 2476 789 2542 Senonensi
808 2476 1071 2562 archiepiscope,
1085 2476 1120 2541 in
1135 2495 1273 2542 monas·

229 2591 352 2657 terium
370 2590 485 2659 Sancti
503 2590 627 2656 Leonis
643 2591 781 2660 luerunt
796 2593 907 2679 posita
923 2611 962 2658 ac
976 2596 1094 2678 postea
1113 2611 1172 2678 per
1190 2612 1272 2677 pru-

229 2705 362 2772 dentem
373 2706 482 2772 virum
494 2707 697 2794 Ansegisum
713 2711 794 2774 tunc
808 2707 1094 2794 archiepiscopum
1104 2707 1140 2772 in
1155 2706 1270 2773 Sancti

88 2871 90 2874 -
198 2838 200 2844 ’
229 2823 324 2889 Petri
343 2823 421 2890 vivi
436 2824 680 2892 monasterium
696 2827 776 2891 sunt
790 2823 974 2891 translata.

509 3074 995 3124 unnnur10usunarra1aos
1077 3047 1079 3052 ’
1140 3049 1143 3054 ’
1226 3069 1231 3084 “

273 3293 320 3356 De
346 3289 554 3376 martyribus
569 3289 742 3376 apostolus
762 3291 889 3356 Paulus
914 3295 1026 3358 mente
1051 3295 1269 3378 compunctus

228 3406 452 3492 ingemiscens
477 3407 550 3473 ait:
573 3405 702 3483 Sancti,
725 3404 871 3471 ludibria
893 3409 927 3472 et
953 3405 1096 3472 verbera
1121 3407 1266 3494 experti,

228 3521 366 3608 insuper
380 3526 414 3588 et
427 3505 563 3587 vincula
578 3525 613 3587 et
628 3540 792 3599 carceres
812 3521 952 3608 lapidati
967 3526 1059 3600 sunt,
1079 3520 1162 3589 secti
1174 3526 1265 3598 sunt,
1278 3526 1318 3588 20

178 3655 179 3658 ’
227 3637 382 3723 temptati
397 3640 489 3715 sunt,
509 3637 544 3700 in
566 3637 732 3702 occisione
747 3637 851 3723 gladii
867 3638 991 3705 mortui
1005 3642 1095 3705 sunt.
1118 3629 1269 3703 Circuie'-

227 3755 307 3818 runt
319 3753 354 3817 in
371 3751 555 3834 melotis,in
570 3751 713 3838 pellibus
729 3753 889 3838 caprinis
905 3756 1054 3838 egentes
1065 3753 1265 3838 angustiati,

226 3866 354 3945 afflicti,
384 3865 503 3952 quibus
528 3865 649 3953 dignus
675 3887 742 3932 non
775 3871 850 3934 erat
883 3867 1040 3932 mundus.
1071 3867 1115 3933 Et
1132 3863 1266 3933 'beatus

225 3981 407 4067 Gregorius
423 3982 456 4046 in
474 3984 684 4069 expositione
700 3982 872 4070 cujusdam
888 3982 1077 4069 euvangelii
1095 3982 1144 4047 sic
1160 3981 1262 4050 dicit:

227 4097 334 4166 ldlecti
354 4097 413 4166 Dei
428 4117 563 4166 carnem
580 4099 728 4184 domant,
749 4099 904 4188 spiritum
920 4097 1094 4176 roborant,
1111 4096 1265 4166 demoni-
