3164 5016
725 499 922 566 -104-

579 644 619 710 In
638 644 765 711 sanetis
781 643 1031 732 magnificetur,

584 759 688 835 Quem
707 758 749 825 ad
766 768 917 828 nostrum
933 759 1095 842 auxilium

583 873 708 943 Sancto
724 875 859 942 Venere
874 878 1043 962 precetur.

336 991 537 1074 Muonifioot.
560 991 747 1059 Euouoe.

339 1107 487 1174 Collooto.
515 1109 603 1174 Deus
616 1108 671 1193 qui
690 1110 781 1176 inter
793 1110 905 1174 cetera
921 1109 1074 1192 potencie
1087 1111 1144 1176 tue
1157 1110 1333 1186 miracula,

294 1225 398 1291 eriam
414 1225 450 1290 in
469 1243 553 1290 sexu
568 1223 683 1312 fragili
698 1225 877 1293 victoriam
889 1223 1036 1290 martirii
1051 1225 1236 1305 contulisti,
1254 1247 1336 1292 oon-

293 1340 372 1408 eede
392 1340 561 1426 propicius
585 1344 624 1408 ut
650 1345 766 1407 sancte
793 1339 937 1418 Venere,
960 1339 1102 1426 virginis
1123 1346 1157 1409 et
1180 1343 1332 1408 martiris

291 1462 361 1534 tue,
389 1455 483 1542 eujus
510 1454 671 1524 natalicia
698 1456 856 1535 oolirnuS,
877 1475 937 1542 per
956 1455 1028 1544 ejus
1056 1456 1098 1523 ad
1115 1462 1149 1524 te
1175 1457 1328 1544 exempla

292 1571 502 1662 gradiamur,
520 1591 580 1658 per
599 1572 790 1640 Dominum.

247 1689 544 1761 iOInvitotortom.
592 1689 725 1774 Agrium
747 1707 905 1775 sponsum
920 1687 1088 1774 virginum

585 1803 773 1870 Adoremus
790 1805 979 1870 Dominum.
1023 1853 1027 1858 .

292 1923 409 1986 Prono.
587 1920 724 1988 Venite.

293 2036 456 2121 Hymnus.
590 2033 755 2102 Fidelium
774 2035 910 2104 devocio

591 2151 757 2234 Celebret.

339 2269 379 2334 lo
389 2273 504 2354 primo
517 2277 696 2350 nocturno,
719 2271 902 2352 antiphona
916 2278 946 2334 ot
962 2271 1090 2352 psalmi
1106 2280 1135 2336 et
1150 2289 1274 2352 versor,
1295 2271 1334 2336 rie

300 2385 504 2467 Virginibus.

301 2497 406 2565 VIII“”··
417 2517 566 2582 respons.
582 2497 721 2585 Augens
738 2498 854 2564 divine
866 2499 968 2578 dona,

583 2615 731 2682 Terrena
745 2621 870 2684 nostra.
880 2615 980 2695 bona,

588 2733 782 2811 Preoamur,
805 2733 988 2813 custodias,

248 2863 287 2928 20
584 2849 612 2916 Ο
628 2849 763 2916 Venere
783 2854 939 2935 patrono.

302 2963 426 3030 Versus.
588 2965 739 3051 Namque
755 2966 848 3033 trina
863 2985 1000 3032 corona.

580 3081 714 3149 Gaudes
730 3103 791 3169 per
804 3083 978 3162 victorias,

587 3197 748 3266 Obeata.

295 3313 345 3376 Ad
368 3310 527 3391 Cantica,
550 3317 753 3400 antiphona.

588 3430 700 3497 Divini
720 3407 849 3498 fructus
870 3431 1003 3497 Domini

584 3547 670 3613 Sunt
689 3546 808 3632 quibus
831 3545 898 3612 frui
924 3546 1046 3614 tribuit

584 3663 704 3729 Sancte
727 3663 859 3729 Venere
878 3663 1015 3750 virgini,

525 3811 528 3820 ·
585 3778 656 3853 Quo
670 3779 792 3844 martir
815 3783 849 3846 et
861 3779 958 3866 virgo
976 3777 1053 3845 fuit.

299 3895 489 3961 Canticum.
512 3893 636 3962 Audite
656 3914 720 3961 me.
1141 3885 1142 3890 ’

248 4009 287 4076 30
298 4007 396 4078 illm
414 4030 565 4096 respons.
592 4010 675 4076 Post
692 4009 789 4097 ignes
805 4013 839 4076 et
858 4006 1011 4086 verbera,

587 4127 671 4194 Post
684 4124 817 4194 abcissa
835 4122 951 4203 ubera,
993 4198 996 4204 ,
