3180 5012
655 524 824 590 ..37-

225 667 327 735 altari
340 685 420 733 vero
436 685 540 753 usque
556 665 597 734 ad
617 667 846 753 pavimentum
866 666 1078 737 habundanti
1094 669 1266 738 stillicidio

224 780 437 849 decurrebat.
454 781 558 856 Quem
580 781 743 867 liquorem
767 782 857 849 omni
870 784 1061 870 reverentia
1075 805 1151 852 cum
1169 790 1266 864 vete-

226 899 311 964 ratis
328 895 556 984 corporalibus
571 901 606 964 et
615 896 730 984 palliis
741 895 981 977 absterximus,
997 903 1160 986 ponentes
1175 901 1265 968 inte'r

226 1012 310 1078 alias
325 1011 485 1097 reliquias
504 1001 782 1078 conservandum.
921 1017 923 1023 ’

225 1258 399 1308 Nnaaarlo
423 1259 467 1308 DE
490 1259 679 1308 rnornurls
702 1259 746 1308 ltu·
769 1259 898 1309 sancho
920 1260 1076 1312 conanda
1099 1262 1264 1314 Barrlsua

269 1457 320 1522 Ne
353 1453 516 1541 siquidem
550 1453 690 1542 gradum
718 1456 862 1542 aliquem
894 1477 1114 1544 supernorum
1141 1457 1263 1526 civium

227 1570 487 1658 pretermittam,
510 1570 692 1657 prophetas
716 1571 848 1637 Domini
876 1571 967 1638 volui
987 1573 1180 1651 memorari,
1206 1575 1262 1660 qui

108 1743 117 1762 ,
216 1685 295 1752 *Deo
302 1685 397 1772 digni
405 1688 440 1752 et
456 1682 658 1752 sanctificati
673 1686 803 1752 inventi
822 1685 976 1753 suntfide
992 1687 1095 1774 pleni,
1109 1687 1265 1757 deuotio·

226 1821 268 1869 ua
280 1800 414 1878 summi,
430 1798 601 1867 industria
617 1799 771 1879 solerteS,
784 1801 962 1868 excellenti
978 1802 1112 1890 iugenio
1123 1802 1260 1890 prediti,

224 1917 259 1980 in
292 1919 410 1982 sancta
432 1913 652 1982 meditatione
672 1915 799 1980 assidui
822 1919 978 2001 metuque
1008 1918 1127 1984 mortis
1152 1917 1263 1985 intre
1276 1904 1312 1969 ¹0

192 2071 195 2074 -
224 2031 293 2118 pidi
310 2035 581 2118 permanserunt.
599 2029 726 2096 Christi
740 2049 821 2097 vero
842 2015 1057 2099 nativitatem
1081 2052 1142 2119 per
1154 2032 1263 2119 virgi-

224 2167 299 2213 nem
314 2167 353 2212 ac
367 2141 473 2233 ipsius
486 2145 688 2230 passionem,
707 2146 1000 2226 resurrectionem,
1016 2146 1259 2234 ascensionem,

223 2261 505 2347 Sancti-Spiritus
538 2260 718 2327 adventum
748 2263 783 2327 et
817 2259 967 2327 futurum
1005 2261 1066 2326 Dei
1097 2260 1261 2348 judicium

222 2377 454 2464 predixerunt.
472 2377 568 2442 Inter
593 2394 675 2460 quos
690 2375 845 2461 precipue
866 2376 1023 2441 venerari
1043 2374 1142 2443 debet
1167 2375 1262 2462 plus·

129 2506 133 2513 ’
224 2511 323 2578 quam
339 2490 503 2578 propheta
528 2489 647 2556 beatus
661 2490 1006 2576 lohannes-Baptista
1026 2489 1073 2577 (l)
1097 2490 1153 2591 qui
1172 2491 1263 2568 uiam

224 2607 364 2673 Domino
382 2605 577 2691 preparavit
601 2605 636 2669 in
653 2605 802 2682 heremo,
820 2605 878 2690 qui
909 2603 1025 2670 eodem
1049 2603 1171 2690 angelo
1198 2624 1263 2690 quo

223 2720 379 2787 Christus
394 2720 622 2788 annunciante
634 2725 813 2807 conceptus
828 2723 892 2798 est,
905 2721 962 2806 qui
975 2719 993 2784 J
996 2720 1113 2785 hesum
1122 2723 1262 2807 peccata

223 2835 397 2902 tollentem
428 2836 567 2922 agnovit
592 2855 631 2901 ac
659 2834 765 2921 digito
793 2834 1057 2913 demonstrarit,
1083 2853 1148 2921 quo
1170 2835 1262 2902 inter

223 2954 322 3018 natos
336 2949 513 3018 mulierum
524 2969 592 3017 non
603 2951 764 3028 surrexit,
775 2949 911 3018 Christo
927 2953 1126 3031 attestante,
1139 2949 1257 3036 major,

224 3067 281 3153 qui
295 3068 416 3134 merito
433 3085 613 3154 precursor
626 3066 771 3144 Domini,
784 3085 883 3152 preco
898 3064 1023 3153 judicis
1036 3069 1071 3133 et
1094 3064 1263 3151 propheta
1272 3056 1311 3121 20

224 3181 383 3248 altissimi
402 3184 627 3268 nuncupatur.
645 3182 756 3268 Ipsius
772 3200 855 3267 quas
869 3179 1030 3247 hahemus
1050 3179 1214 3276 reliquias
1228 3183 1263 3246 et

226 3297 440 3365 nativitatem
460 3297 627 3363 universis
642 3295 858 3364 letabundam
871 3294 1024 3362 ecclesiis
1039 3293 1217 3364 enarrabo.

334 3547 378 3595 Du
408 3517 634 3597 vusurmurtrls
661 3547 780 3596 sanctu
803 3545 968 3610 sonamus
988 3545 1153 3596 aerumna

222 3743 224 3746 ’
268 3741 439 3828 Propheta
455 3741 573 3820 David,
592 3761 653 3828 rex
667 3746 701 3808 et
715 3743 904 3828 psalmista,
929 3743 1017 3808 sicut
1038 3743 1074 3823 in
1097 3741 1263 3828 hystoriis
1305 3751 1309 3759 '

224 3853 460 3924 ecclesiasticis
491 3857 628 3944 legitur,
658 3857 775 3925 uolens
797 3857 924 3924 cultum
948 3859 1080 3924 Domini
1102 3856 1263 3944 ampliare

225 3972 347 4058 viginti
374 3976 519 4059 quatuor
545 3991 692 4038 summos
718 3971 911 4040 sacerdotes
934 3973 1105 4054 instituit,
1123 3991 1263 4060 quorum

258 4152 293 4216 (l)
309 4155 341 4202 Le
355 4152 490 4202 manuscrit
505 4156 573 4213 pone
588 4156 673 4200 ocatur
686 4153 767 4200 Jlueeu
777 4151 894 4217 ¹Baptista
906 4151 1043 4198 dohanuae.
