3164 5016
804 499 1001 568 „156-

383 642 476 729 prior
488 641 528 710 de
551 641 672 711 Naudo
690 663 714 712 x
731 663 758 712 s.
778 662 867 731 pan,
887 647 922 712 et
935 645 984 710 xii
1005 643 1038 711 d.
1057 644 1250 724 elemosine,
1266 648 1300 712 et
1316 642 1365 710 xii
1384 643 1418 711 d.

387 759 626 846 pulsatoribus.

416 875 483 922 Prior
495 875 524 923 de
540 875 633 924 Nando.

425 976 524 1042 11.—-
540 977 592 1043 III
606 975 717 1044 Yd.·
731 976 822 1045 Obiit
838 976 1020 1056 Robertns,
1036 977 1219 1046 monachus
1235 977 1275 1044 de
1287 975 1417 1060 Nando,

381 1110 442 1177 pro
458 1111 522 1177 quo
537 1090 635 1159 debet
648 1093 742 1178 prior
761 1091 802 1158 de
818 1093 985 1159 Auxonno
1006 1114 1038 1159 v.
1056 1113 1085 1159 s.
1104 1098 1188 1173 tur,
1206 1100 1241 1163 et
1254 1094 1290 1160 vi
1303 1092 1336 1160 d.
1352 1093 1421 1160 ele·

382 1208 522 1286 mesine,
540 1212 575 1274 et
588 1210 623 1274 vi
639 1207 673 1274 d.
689 1208 931 1295 pulsatoribus.

413 1321 482 1368 Prior
493 1321 523 1369 de
536 1323 667 1371 Auxonuo.

428 1419 575 1487 12.-11
590 1421 657 1488 Yd.
674 1422 821 1491 -Obiit
836 1423 999 1499 Luciana,
1017 1443 1077 1511 pro
1098 1444 1163 1510 qua
1177 1421 1275 1491 debet
1288 1423 1423 1491 thesau-

388 1538 499 1604 rarius
524 1537 548 1602 ii
573 1556 600 1604 s.
622 1557 695 1624 par.
722 1558 822 1625 super
847 1537 1014 1625 quoddam
1038 1544 1172 1625 pratum
1197 1539 1298 1606 situm
1324 1558 1423 1627 super

304 1696 308 1702 -
386 1652 553 1718 Vannam.

417 1769 600 1816 rnaaursrius.
1127 1807 1129 1812 .

432 1859 484 1924 13.
503 1859 761 1926 -Ydibus-
791 1860 906 1926 Sancti
937 1860 1086 1946 Hylarii.
1125 1860 1286 1927 Obierunt
1325 1861 1422 1949 Hugo

384 1973 521 2062 Maaley
543 1979 577 2042 et
593 1977 755 2054 Emelina,
777 1997 863 2043 uxor
882 1977 967 2064 ejus,
987 1997 1047 2063 pro
1070 1977 1205 2062 quibus.
1228 1976 1330 2044 habet
1347 1996 1425 2042 oon-

379 2095 500 2158 ventus
523 2092 559 2156 iii
581 2112 608 2156 s.
625 2096 693 2158 tur.
710 2113 810 2178 super
828 2094 960 2158 vineam
974 2092 1061 2180 apud
1080 2092 1307 2180 Champdaloe
1321 2091 1377 2180 (l).

409 2205 514 2266 Thieciu,
529 2205 622 2254 illinon
634 2207 687 2255 Roti
700 2194 730 2254 de
742 2209 820 2268 burgo
830 2205 1057 2257 Sancti-iohannis.

416 2295 530 2355 Thibaut,
550 2298 569 2342 ti
581 2298 699 2353 poletiers
712 2295 757 2359 (2).

421 2385 620 2472 supradicta
641 2387 694 2451 die
715 2386 829 2453 Sancti
858 2387 1003 2472 Hylarii,
1031 2387 1114 2454 obiit
1129 2386 1340 2464 GuillelmuS,
1364 2406 1423 2452 ar-

379 2500 607 2587 chiepiscopus
620 2501 834 2580 Senon'ensis,
850 2522 910 2588 pro
927 2521 991 2587 quo
1006 2500 1108 2568 habet
1121 2506 1305 2568 conventus
1323 2520 1423 2586 super

377 2615 598 2684 hereditatem
627 2618 726 2683 sitam
757 2616 845 2703 apud
875 2617 1114 2704 Saligniaoum,
1151 2637 1213 2702 que
1245 2615 1422 2682 hereditas

379 2732 443 2800 fuit
461 2730 609 2799 defuncti
626 2734 719 2799 Petri
735 2733 775 2799 de
789 2733 994 2808 Bella-Avia,
1008 2733 1213 2819 presbyteri,
1231 2752 1279 2796 xx
1302 2751 1329 2796 s.
1349 2736 1420 2799 tur.

377 2848 556 2934 dequibus
580 2846 743 2916 debentur
767 2851 814 2914 xii
838 2849 1031 2927 elemosine,
1053 2855 1088 2916 et
1109 2849 1156 2914 xii
1178 2847 1418 2935 pulsatoribus.

410 2966 476 3013 Istud
486 2964 684 3012 anniversarium
698 2969 853 3025 computatur
863 2965 891 3012 in
900 2966 1030 3013 Novembri
1044 2969 1067 3012 et
1079 2965 1211 3014 Februario
1220 2965 1278 3024 qula
1291 2964 1421 3012 adipatum
1486 2954 1488 2958 ’

378 3052 651 3104 Omnium-Sanctorum
666 3059 689 3102 ot
705 3056 735 3102 ad
750 3054 945 3103 purificationem
966 3056 1035 3104 beate
1059 3056 1132 3104 Mario
1147 3056 1267 3102 debentur
1282 3067 1295 3101 c
1311 3066 1331 3100 s.
1347 3065 1421 3112 super

379 3144 544 3202 hereditatem,
556 3144 596 3192 hio
612 3145 738 3206 seriptum,
748 3158 791 3204 pro
805 3146 851 3193 isto
868 3146 1041 3194 anniversario
1051 3149 1073 3192 et
1089 3159 1132 3205 pro
1147 3145 1296 3205 quibusdam
1309 3144 1372 3191 aliis.

423 3234 522 3298 14.-
542 3234 626 3299 XIX
641 3235 718 3301 Kal.
740 3235 1074 3303 Februarii—Obiit
1092 3233 1280 3312 Renardus,
1299 3239 1418 3301 cantor

376 3348 475 3435 hujus
491 3349 567 3428 loni,
583 3368 720 3437 proquo
734 3350 837 3418 habet
855 3356 1039 3418 conuentus
1057 3355 1300 3436 superterram
1320 3349 1419 3436 ,juxta

377 3469 488 3530 ortum
505 3464 734 3532 Sanoti·Peuri
751 3466 810 3532 viii
828 3487 856 3544 s,
873 3472 955 3544 tur,
981 3471 1015 3534 et
1039 3468 1087 3531 xii
1106 3465 1139 3531 d.
1163 3466 1358 3543 elemosina,
1383 3470 1418 3533 et

379 3582 427 3647 xii
451 3581 483 3646 d.
506 3581 708 3668 pulsatores.

409 3698 476 3746 lalnd
489 3731 491 3737 ι
502 3697 701 3746 anniversarium
726 3701 881 3758 eompututnr
902 3698 929 3746 in
958 3698 1088 3746 Novembri
1106 3698 1166 3756 quia
1184 3712 1199 3745 x
1215 3711 1236 3748 s.
1250 3698 1371 3746 debentur
1387 3697 1417 3744 ud

379 3786 468 3835 lustum
482 3787 767 3836 Omnium-Senatorum.

427 3877 526 3944 15.-
537 3877 656 3944 XVIII
670 3875 890 3944 Kal-Obiit
901 3876 1064 3964 magister
1077 3875 1257 3944 Renaudus
1266 3875 1306 3942 de
1314 3875 1418 3942 Villa·

410 4082 445 4146 (l)
460 4083 618 4143 Gampdaloo,
630 4084 665 4132 Iis
678 4085 713 4132 56.
1340 4119 1343 4125 .
1356 4139 1359 4144 ,

405 4173 438 4240 (a)
458 4174 489 4225 Sa
502 4171 648 4236 profession,
659 4187 691 4226 eu
704 4171 765 4224 latin
775 4175 936 4236 pelliparius,
951 4177 996 4232 ost,
1009 4173 1071 4226 dans
1086 4173 1109 4224 le
1120 4173 1154 4224 bis
1166 4174 1204 4232 56,
1212 4171 1292 4224 suivie
1301 4173 1332 4221 de
1341 4176 1415 4222 tonet.

1557 743 1560 828 *
