3164 5016
715 509 891 574 ...78-

331 653 475 729 Aonius.
507 652 571 718 Hic
600 651 692 718 omni
716 648 928 737 philosophia
961 649 1113 716 eruditus
1137 648 1319 738 discipulus

287 767 352 834 fuit
368 773 401 835 ot
416 768 673 835 commonachus
689 766 802 832 domni
816 766 923 853 Egilis
938 765 1191 854 archiepiscopi.
1210 767 1250 832 In
1263 787 1321 834 eo-

285 882 360 948 dem
380 887 542 970 tempore,
559 884 701 949 domnus
718 883 915 970 Ansegisus,
936 883 1120 949 monachus
1136 883 1321 970 archiepis-

287 1019 401 1087 copus,
428 999 521 1067 dedit
539 1001 617 1067 huic
635 1001 841 1067 monasterio
861 1000 1021 1086 reliquias
1040 1005 1232 1067 sanctorum
1246 1021 1322 1068 con·

287 1114 453 1181 fessorum
478 1115 632 1203 Gregorii
656 1137 751 1203 pape,
774 1116 910 1203 Leonis,
938 1117 1096 1195 Ursicini,
1119 1117 1259 1204 Agrioii,
1285 1122 1319 1185 et

285 1229 454 1296 Ambrosii
467 1235 502 1298 et
515 1236 706 1300 sanctorum
726 1237 913 1318 martyrum
928 1233 1113 1312 Sanctiani,
1138 1232 1319 1320 Augustini

284 1350 318 1412 et
331 1348 446 1441 Beate,
461 1347 617 1434 virginis,
637 1352 671 1414 et
688 1352 879 1415 sanctorum
892 1350 1112 1416 Innocentum
1127 1351 1162 1416 et
1176 1349 1317 1416 aliorum

285 1467 477 1530 sanctorum
490 1466 527 1529 et
548 1466 753 1530 sanctarum.
772 1462 863 1530 Obiit
883 1464 993 1531 dictus
1007 1464 1141 1550 Aquila,
1157 1469 1192 1531 et
1206 1465 1318 1552 sepul-

282 1583 338 1647 tus
359 1577 424 1646 snit
438 1581 473 1644 in
488 1581 636 1646 oratorio
648 1579 762 1648 Sancti
778 1580 952 1667 Stephani.

239 1710 275 1774 10
327 1695 478 1763 Franco.
499 1696 562 1761 Hic
576 1693 642 1764 fuit
661 1694 763 1762 abbas
787 1696 991 1784 temporibus
1008 1697 1165 1784 Ansegisi
1180 1702 1216 1764 et
1229 1699 1318 1764 Wa-

282 1811 373 1890 terii‚
388 1811 727 1900 archiepiscoporum.
785 1840 786 1845 ¹
1313 1791 1315 1795 ⁸

325 1928 453 1996 hrono.
473 1930 537 1996 Hic
553 1928 618 1997 tuit
637 1930 739 1998 abbas
761 1938 912 2018 tempore
926 1929 1068 2018 predicti
1088 1931 1235 1998 Waterii
1259 1951 1316 2007 ar-

282 2043 495 2133 chiepiscopi.
586 2103 588 2110 ,

325 2161 465 2230 ὃΑΝεοΝ.
488 2163 552 2235 Hic
572 2164 662 2231 rexit
687 2165 928 2233 monasterium
954 2164 1160 2252 temporibus
1174 2165 1316 2252 predicti
1422 2215 1424 2220 .

280 2277 429 2345 Waterii
454 2283 488 2346 et
513 2279 653 2346 alterius
676 2281 836 2359 Waterii,
862 2279 998 2348 Aldaldi
1018 2280 1242 2348 etWillermi
1264 2302 1315 2348 ar·

281 2393 578 2482 chiepiscoporum.
601 2397 762 2482 Tempore
774 2396 843 2476 illo,
857 2400 995 2484 propter
1006 2417 1155 2484 paganos
1171 2398 1226 2482 qui
1241 2417 1314 2464 mo-

281 2513 466 2578 nasterium
483 2513 598 2578 Sancti
619 2513 713 2580 Petri
731 2512 810 2579 vivi
823 2512 1075 2592 destruxerunt,
1088 2513 1197 2581 dictus
1211 2513 1325 2581 abbas-

280 2626 410 2694 Sanson
438 2635 473 2696 et
492 2628 686 2712 conventre,
715 2628 806 2695 infra
827 2648 944 2700 muros,
963 2630 1125 2709 civitatis,
1152 2631 1187 2696 in
1208 2630 1315 2696 eccle-

280 2745 365 2811 siam
395 2766 457 2833 que
485 2745 575 2814 dieto
597 2747 802 2812 monasterio
824 2746 973 2832 pertinet
1002 2745 1173 2834 fugerunt,
1202 2758 1312 2813 secum

230 2879 395 2952 ppomnes
408 2865 543 2928 sanctas
560 2861 726 2948 reliquias
746 2860 947 2929 deferentes.
974 2863 1061 2930 Pace
1075 2862 1313 2930 reddita‘Wil-

278 2977 403 3048 lermus
419 2978 689 3065 archiepiscopus
701 2979 862 3064 reliquias
876 2979 983 3047 voluit
1001 2981 1159 3060 retinere,
1177 2979 1235 3046 sed
1247 2981 1312 3045 mi·
1417 2955 1422 2962 ⁵

279 3093 369 3159 nime
382 3096 491 3179 potuit
505 3099 543 3162 ut
555 3095 590 3160 in
604 3096 712 3162 sancti
725 3095 897 3162 Saviniani
912 3095 1086 3161 Miraculis
1104 3097 1308 3163 continetur.

278 3211 371 3279 Obiit
392 3212 522 3278 Sanson
545 3217 579 3280 et
603 3214 638 3278 in
661 3212 775 3280 Sancti
795 3212 890 3279 Petri
908 3212 1047 3280 basilica
1070 3213 1241 3301 sepelitur.

321 3327 475 3395 Seuerus
496 3327 579 3394 Ono.
595 3329 659 3394 Hic
673 3327 739 3395 fuit
754 3326 857 3394 abbas
875 3327 975 3415 hujus
990 3330 1200 3409 monasterii,
1218 3327 1311 3395 seda

277 3443 473 3530 quibusdam
488 3445 602 3532 probis
620 3445 703 3512 viris
718 3445 900 3532 requisitus
913 3450 949 3513 et
965 3447 1165 3534 postulatus
1183 3448 1310 3544 primus

276 3561 379 3628 abbas
401 3562 631 3630 Cluniacensis
651 3561 789 3630 effectus
808 3569 871 3632 est.
901 3563 992 3631 Obiit
1014 3563 1100 3651 apud
1122 3562 1309 3650 predictum

275 3681 517 3746 monasterium
537 3679 767 3746 Cluniacense.
784 3679 835 3745 Ad
850 3679 944 3766 cujus
962 3681 1149 3767 sepulcrum
1162 3681 1233 3768 egri
1252 3701 1309 3747 sa-

274 3781 409 3863 nantur.
435 3797 486 3862 Ad
502 3798 699 3884 petitionem
714 3797 821 3883 ipsius
836 3800 870 3864 et
884 3796 925 3862 de
946 3817 1110 3864 consensu
1125 3801 1308 3865 conventus

274 3913 388 3980 Sancti
409 3912 503 3980 Petri
523 3913 615 3990 Vivi,
627 3912 767 3979 domnus
782 3913 980 3980 Willermus
993 3915 1261 4000 archiepiscopus
1271 3915 1307 3979 in

225 4042 264 4108 30
274 4028 364 4096 dicto
378 4031 583 4097 monasterio
599 4030 714 4099 Sancti
731 4031 826 4097 Petri
841 4029 994 4098 abbatem
1007 4030 1158 4098 instituit
1174 4032 1307 4097 nomine

273 4145 493 4232 Arigaudum.

1109 4305 1172 4348 iura!
