3164 5016
785 516 960 582 ..70-

348 669 419 734 tam
436 668 541 754 ipsius
553 669 588 736 et
602 667 875 734 conversationes
895 687 970 734 cum
985 667 1157 736 miraculis
1176 670 1386 756 quampluri-

349 784 413 850 mis
428 786 463 850 in
476 784 592 851 multis
607 784 689 850 locis
702 783 890 864 habentur;
906 784 1065 870 reliquias
1077 804 1157 852 vero
1173 786 1279 872 ipsius
1287 785 1387 854 habe·

349 920 422 966 mus
434 920 516 988 quas
524 899 559 966 in
569 899 711 986 quadam
724 900 906 987 philateria
916 899 1059 968 rotunda
1069 919 1147 966 area
1160 921 1383 968 reservamus.

391 1135 434 1197 DE
458 1135 583 1184 DIGITIS
608 1135 736 1184 SANGTE
759 1135 916 1184 COLUMBE
939 1137 1089 1186 VIRGINIS
1108 1137 1152 1186 ET
1167 1137 1340 1188 munnulus
1367 1125 1374 1140 ’

393 1309 498 1401 Beata
517 1332 689 1411 Columba,
711 1333 808 1421 virge
829 1337 863 1402 et
877 1335 1009 1421 martyr
1028 1333 1157 1403 Christi
1177 1335 1387 1425 gloriosissi·

348 1468 415 1527 ma,
427 1447 469 1514 ab
482 1449 678 1536 Hyspaniis,
692 1453 729 1517 ut
743 1448 876 1536 legitur,
892 1469 995 1536 usque
1006 1449 1146 1516 Senonis
1157 1449 1302 1520 devenit.
1317 1451 1386 1527 Que

348 1568 383 1634 in
397 1571 515 1634 sancta
525 1567 723 1654 uirginitate
735 1570 770 1634 et
782 1563 991 1632 confessione
1004 1565 1130 1633 Christi
1142 1565 1387 1653 perfectissime

348 1703 568 1772 perseverans
594 1684 671 1771 igne
694 1687 851 1770 superato
874 1683 974 1770 plena
1000 1682 1184 1750 virtutibus
1203 1687 1303 1771 atque
1324 1685 1388 1750 mi-

348 1801 489 1879 raculis,
499 1801 599 1888 jussu
621 1799 796 1866 Aureliani
812 1800 937 1866 cesaris
955 1795 1066 1887 gla'dio
1090 1819 1167 1867 cesa
1193 1799 1389 1878 crudeliter,

302 1911 550 2004 10martyrium
564 1916 820 1983 consummavit.
848 1917 888 1981 In
902 1916 1108 1983 monasterio
1124 1915 1210 2002 quod
1229 1915 1388 1984 moderno

347 2039 497 2121 tempore
517 2035 759 2102 monasterium
786 2032 907 2099 Sancte
930 2032 1089 2099 Columbe
1112 2033 1237 2100 dicitur
1258 2034 1389 2121 sepulta

348 2149 425 2217 fuit.
444 2152 490 2216 De
501 2149 618 2236 digitis
633 2150 737 2236 ipsius
750 2148 910 2234 reliquias
926 2148 1099 2227 habemus,
1113 2169 1175 2235 que
1190 2170 1264 2216 cum
1280 2151 1390 2238 capite

347 2266 438 2333 beati
459 2265 615 2352 Gregorii
634 2265 770 2331 invente
794 2263 931 2330 fuerunt
950 2285 1025 2330 cum
1050 2265 1389 2351 superscriptionibus

349 2380 468 2468 quibus
483 2380 566 2447 fides
582 2383 657 2446 erat
671 2379 825 2446 totaliter
837 2377 1038 2444 adhibenda.

400 2605 442 2653 DE
465 2601 618 2652 CORPORE
639 2603 766 2651 SANGTE
790 2603 900 2652 ΒΕΑΤΕ
922 2603 1073 2652 VIRGlNlS
1094 2604 1138 2652 ΕΤ
1161 2603 1336 2652 MARTYRIS

393 2821 517 2888 Sancta
545 2821 662 2898 Beata,
685 2820 843 2906 virgo'et
868 2823 1001 2904 martyr
1022 2818 1181 2906 gloriosa,
1205 2837 1300 2884 seror
1326 2816 1390 2885 fuit

348 2936 463 3004 Sancti
479 2936 652 3004 Sanctiani
673 2935 835 3021 martyris
862 2938 896 3001 et
920 2954 995 3000 cum
1014 2953 1054 3000 eo
1080 2934 1281 3020 martyrium
1307 2953 1389 2999 cen-

350 3054 529 3119 summavit
547 3057 581 3120 et
596 3052 728 3138 sepulta
744 3050 810 3118 fuit
825 3051 859 3116 in
880 3051 996 3117 eodem
1019 3050 1091 3116 loco
1115 3069 1179 3138 quo
1198 3050 1282 3137 ipse.
1303 3051 1390 3116 Pos-

349 3174 406 3236 tea
420 3189 501 3235 vero
525 3189 584 3255 per
599 3168 756 3235 domnum
772 3167 988 3254 Ansagisum‚
1016 3166 1241 3232 Senonensem
1256 3166 1390 3232 archie-

299 3287 532 3373 idpiscopum,
560 3284 764 3352 translatum
790 3282 856 3350 fuit
884 3302 1003 3369 corpus
1028 3282 1133 3369 ipsius
1163 3283 1199 3346 in
1219 3285 1390 3348 monaste-

348 3405 436 3470 rium
473 3402 588 3468 Sancti
631 3401 726 3467 Petri
753 3399 836 3491 Vivi¹
870 3398 1094 3481 senonensis,
1122 3397 1178 3464 ubi
1208 3397 1390 3464 honorifice

349 3522 505 3585 servatur
524 3518 558 3582 in
576 3536 678 3604 capsa
700 3519 862 3602 argentea
895 3535 1036 3581 unacum
1057 3513 1165 3582 fratre
1189 3533 1249 3580 suo
1273 3516 1389 3580 sancto

348 3635 530 3702 Sanctianc
544 3639 696 3719 martyre
711 3630 915 3718 supradicte.

535 3861 578 3910 DE
608 3859 738 3908 SANCTA
769 3855 1026 3906 THEODEOHILDE
1056 3855 1199 3903 VIRGINE

395 3981 438 4028 ΕΤ
462 3980 506 4027 DE
529 3976 747 4026 FUNDATIONE
770 3972 978 4022 moNAsnunn
1002 3971 1121 4020 SANGTI
1144 3971 1247 4020 PETRI
1269 3969 1340 4020 VlVl

391 4168 547 4248 Priamus
563 4166 690 4270 primus
711 4183 773 4242 rex
791 4161 857 4242 fuir
872 4159 1091 4244 Francorum,
1112 4161 1245 4262 Frygus
1262 4178 1383 4232 secuu-
