3180 5012
656 439 889 554 -31-'

223 631 363 699 deficere
401 636 436 698 et
461 632 615 697 imminui
648 631 871 698 decrescendo
907 632 984 697 dum
1017 633 1263 714 consideratur,

222 749 325 814 timor
337 748 378 813 ab
391 750 542 834 utrisque
555 748 666 837 equali
680 752 771 815 sorte
784 725 986 814 removetur.
999 749 1125 816 Verum
1140 748 1266 816 fratres

223 862 379 942 custodes
403 884 498 929 sacre
517 862 655 929 basilice
675 863 758 929 levis
782 851 868 929 visio
888 868 1081 947 sanctorum
1107 863 1267 950 frequen-

227 979 292 1044 tius
312 978 504 1058 letificando
519 979 605 1045 letos
623 977 772 1044 reddidit
793 983 826 1044 et
842 979 918 1048 illos
934 979 1122 1045 forinsecus
1138 980 1265 1066 positos
1344 1064 1347 1070 .

222 1095 311 1180 ignis
331 1097 427 1184 quasi
445 1096 539 1162 visus
557 1096 725 1162 exterruit
742 1094 799 1160 sed
820 1098 909 1180 post,
925 1093 1004 1168 dum
1018 1096 1265 1162 incombustum

222 1211 385 1297 templum
408 1211 639 1290 considerant,
668 1211 807 1279 latiores
836 1209 1027 1278 efficiuntur
1049 1211 1114 1277 hac
1135 1213 1265 1278 visione
1348 1201 1354 1216 ¹

223 1327 322 1392 mira.
335 1327 435 1404 Nam,
450 1327 537 1394 sicut
552 1328 694 1414 antiquo
702 1330 852 1414 tempore
862 1328 1011 1412 Moyses,
1024 1327 1122 1394 dator
1129 1327 1265 1394 Veteris

224 1443 337 1528 Legis,
356 1441 475 1507 rubum
497 1442 616 1508 ardere
641 1443 817 1528 conspexit
836 1448 871 1509 et
894 1463 961 1508 non
981 1443 1142 1518 comburi,
1169 1444 1219 1509 ita
1233 1448 1267 1509 et

223 1556 272 1620 hii
291 1556 354 1622 hoc
377 1559 618 1624 monasterium
640 1557 1006 1637 incendi-metuebant,
1025 1558 1082 1624 sed
1107 1579 1173 1624 non
1193 1563 1267 1624 erat

194 1658 196 1663 ’
223 1691 349 1737 nocuus
372 1673 474 1759 ignis,
501 1673 559 1738 sed
577 1673 730 1740 visitatio
755 1675 905 1760 angelice
923 1677 1062 1742 virtutis
1079 1681 1114 1742 et
1131 1679 1316 1748 sancto-10
1352 1733 1356 1738 .

223 1808 297 1852 rum
332 1807 473 1874 quorum
507 1786 629 1874 ibidem
665 1787 833 1856 retinetur
872 1790 1051 1877 multiplex
1086 1790 1267 1856 indicibilis

222 1903 415 1970 multitudo.

266 2017 408 2092 Quidam
432 2018 540 2086 frater
564 2018 755 2106 religiosus,
784 2021 918 2086 nomine
947 2020 1118 2126 Arnaldus
1140 2022 1263 2101 senior,

223 2141 336 2208 claves
349 2144 414 2210 loci
427 2146 461 2208 in
478 2164 541 2230 quo
555 2145 647 2210 beati
663 2123 837 2211 Saviniaui
858 2146 1089 2232 sociorumque
1109 2146 1181 2231 ejus
1197 2165 1267 2211 cor·

221 2278 305 2352 pora
321 2259 545 2326 servabantur
560 2261 686 2327 amisit.
708 2259 833 2325 Eadem
849 2281 929 2326 vero
944 2266 1042 2327 noete
1053 2263 1144 2327 circa
1157 2263 1266 2328 noctis

221 2357 366 2441 medium
388 2377 511 2460 lectulo
532 2378 708 2463 quiescens
726 2397 865 2463 sompno
888 2379 1004 2444 statim
1026 2379 1198 2444 excutitur
1213 2378 1274 2443 vi-.

221 2490 336 2577 ditque
357 2511 454 2557 senes
471 2497 505 2558 et
523 2512 621 2570 anus,
649 2491 789 2574 puberes
804 2497 839 2558 et
856 2493 1069 2578 juvenculas,
1096 2513 1217 2579 pueros
1232 2483 1267 2559 et

218 2606 383 2692 puellulas
407 2607 544 2674 indutos
561 2607 712 2674 vestibus
733 2606 885 2673 candidis
909 2607 1064 2674 vultuum
1085 2608 1266 2694 hylaritati
1326 2591 1329 2598 ’

221 2723 345 2806 optime
361 2723 572 2801 coherentes,
592 2742 665 2788 sese
682 2725 779 2808 quasi
792 2721 834 2787 ad
849 2722 999 2787 divinum
1013 2721 1158 2789 officium
1174 2743 1267 2788 oom-

220 2837 398 2923 parabant.
429 2838 577 2925 Quorum
597 2837 666 2903 dux
690 2842 823 2924 martyr
849 2837 1053 2916 Savinianus
1078 2843 1113 2905 et
1129 2838 1265 2924 previus
1276 2854 1314 2914 20

181 3041 183 3045 ι
223 2958 308 3020 erat.
332 2954 395 3028 Qui
412 2951 512 3020 fratri
536 2953 729 3040 supradicto
751 2953 836 3020 talia
861 2955 1028 3041 spectanti
1044 2955 1155 3022 astitit
1179 2958 1213 3019 et
1234 2955 1265 3019 ei

224 3069 334 3135 claves
372 3090 454 3156 quas
492 3069 686 3155 perdiderat
712 3071 877 3156 porrexit,
900 3078 903 3083 ’
923 3072 1098 3157 inquiens:
1143 3071 1266 3138 Frater

225 3188 387 3251 amissum
409 3188 552 3272 suscipe.

190 3365 192 3371 .
267 3301 391 3368 Eadem
407 3323 485 3369 vero
506 3306 616 3380 nocte,
638 3301 763 3368 fratres
787 3303 823 3367 in
841 3301 1040 3370 dormitorio
1054 3305 1265 3393 quiescentes

223 3437 321 3483 voces
336 3419 523 3504 lugentium
540 3423 574 3484 et
593 3419 825 3504 plangentium
849 3423 960 3484 motus
977 3421 1151 3506 utriusque
1164 3422 1270 3487 etatis

224 3540 258 3601 et
273 3556 374 3601 sexus
393 3537 429 3600 in
447 3540 520 3602 toto
542 3536 669 3602 ambitu
686 3536 884 3602 monasterii
901 3536 1092 3603 audierunt.

268 3651 393 3718 Eodem
419 3656 579 3738 tempore,
613 3650 720 3718 irater
746 3650 881 3737 quidam
905 3653 1064 3718 membris
1083 3658 1117 3720 et
1151 3654 1267 3739 lingua

224 3765 395 3832 defecerat
419 3768 475 3852 qui
502 3753 633 3833 meritis
657 3770 850 3834 sanctorum
882 3767 1031 3833 indicto
1060 3769 1266 3834 monasterio

224 3883 466 3966 quiescentium
491 3884 616 3969 partlm
639 3889 779 3975 sanatus
797 3887 860 3950 est.
890 3883 934 3948 Os
959 3884 1079 3969 quippe
1103 3885 1208 3969 ipsius
1223 3882 1266 3948 ad

225 3996 342 4064 laudes
369 4003 562 4065 sanctorum
592 4005 782 4084 martyrum
810 4000 973 4085 aperitur,
995 3999 1123 4084 sibique
1146 3999 1266 4086 pedum
1278 4011 1316 4075 30

224 4133 306 4180 usus
320 4114 360 4180 ad
386 4121 571 4184 conventus
589 4113 776 4203 legittimos
800 4115 973 4182 reducitur
987 4115 1172 4182 adeundos.
