3180 5012
582 559 585 566 ,
688 525 843 592 ..9-

282 679 426 739 Narratio
441 682 477 740 de
491 688 595 739 sancto
609 683 701 737 Petro
720 679 857 755 apostolo
870 684 900 736 et
917 679 954 735 de
966 678 1075 736 ceteris
1091 678 1235 752 apostolis
1253 685 1283 736 et

320 781 550 852 euvangelistis.
762 846 764 850 .
1292 853 1295 860 y

282 880 327 936 De
337 880 439 948 barba,
449 881 646 948 vestimentis,
655 879 745 937 cru‘ce
753 886 842 954 atque
853 879 953 952 palma
962 876 1041 933 beati
1050 875 1133 932 Petri
1143 873 1283 950 apostoli.

283 977 327 1032 De
347 991 439 1050 capsa
457 977 675 1051 apostolorum.
734 993 737 999 ·

285 1073 328 1129 De
350 1079 455 1130 sancto
473 1074 569 1132 Paulo
585 1074 732 1148 apostolo.

283 1172 328 1228 De
347 1178 451 1229 sancto
469 1173 601 1230 Andrea.

284 1270 328 1328 De
347 1272 459 1327 sanctis
477 1271 591 1327 Jacobo
610 1277 639 1328 et
657 1271 795 1328 iohanne
812 1269 950 1326 fratibus.

284 1368 328 1424 De
347 1373 451 1425 sancto
466 1368 582 1425 Thoma
599 1369 745 1443 apostolo
760 1443 763 1446 Ι

173 1487 175 1490 ·
283 1464 328 1520 De
347 1466 457 1531 sanctis
473 1466 585 1523 Jacobo
602 1470 629 1522 et
644 1466 795 1540 Philippo.

284 1562 329 1618 De
347 1568 451 1619 sancto
470 1563 694 1620 Bartholomeo.

284 1663 328 1718 De
347 1667 451 1719 sancto
470 1660 593 1716 Matheo
608 1658 744 1734 apostolo
763 1665 793 1715 et
812 1659 1033 1730 euvangeliste.

283 1760 328 1817 De
347 1759 460 1816 sanctis
478 1760 611 1834 Symone
631 1765 661 1816 et
680 1758 770 1815 Juda.

284 1856 328 1912 De
347 1863 451 1913 sancto
470 1856 587 1912 Mathia
605 1855 741 1929 apostolo
760 1861 789 1912 et
808 1855 845 1912 de
865 1861 961 1912 morte
980 1855 1057 1913 Jude
1076 1856 1248 1930 proditoris.

284 1955 329 2014 Dc
348 1961 452 2012 sancto
471 1955 621 2012 Bernaba.

284 2051 329 2107 De
348 2058 451 2107 sancto
472 2053 554 2108 Luca
572 2052 791 2124 euvangeliste.

284 2148 328 2204 De
347 2153 451 2204 sancto
472 2149 599 2204 Marcho
619 2150 827 2222 euvangeliste
842 2154 872 2206 et
890 2149 926 2206 de
939 2148 1132 2223 processione
1145 2149 1284 2206 instituta

323 2267 342 2306 a
360 2247 628 2318 beatoGregorio.

185 2381 187 2390 ·
284 2345 426 2401 Narratio
446 2345 482 2401 de
496 2345 652 2419 discipulis
670 2346 792 2402 Domini
811 2346 1004 2420 septuaginta
1019 2344 1145 2401 duobus.

285 2442 441 2508 Quomodo
453 2459 563 2517 corpus
575 2443 672 2499 sancti
683 2444 839 2499 Saviniani
853 2443 1033 2498 translatum
1054 2443 1110 2501 tuit
1132 2443 1162 2497 in
1179 2459 1286 2498 mona-

320 2542 446 2597 sterium
476 2540 579 2597 Sancti
601 2539 686 2596 Petri
708 2540 778 2595 Vivi
802 2540 887 2596 etde
912 2546 1016 2597 sancto
1037 2540 1214 2609 Victorino,
1232 2539 1337 2600 iio-20

320 2639 396 2712 spito
408 2655 473 2708 suo,
487 2643 517 2694 et
529 2637 565 2694 de
576 2636 705 2712 quodam
717 2637 780 2693 filio
794 2637 865 2694 dicti
875 2637 1034 2693 Victorini.

285 2738 329 2794 De
351 2737 472 2794 sudario
495 2741 525 2793 et
544 2735 695 2792 cineribus
716 2736 813 2792 sancti
836 2734 1003 2794 Saviniani.

286 2836 331 2892 De
350 2851 476 2908 corpore
496 2835 591 2891 sancti
610 2833 800 2890 Potenciani.
928 2909 930 2914 Α

286 2933 331 2991 De
350 2950 477 3007 corpore
496 2933 592 2989 sancti
608 2913 717 2995 Altini,
736 2931 903 2986 Salvatoris
923 2930 1072 3004 discipuli.

288 3031 431 3086 Narratio
450 3030 486 3086 de
507 3028 727 3086 Innocentibus.

287 3130 331 3186 De
350 3130 528 3204 corporibus
545 3130 591 3184 IX
610 3129 806 3190 innocentum
827 3144 885 3202 que
906 3129 1061 3187 habemus.

286 3227 429 3284 Narratio
448 3226 486 3284 dc
506 3227 690 3300 martyribus

287 3326 332 3382 De
351 3325 450 3398 lapide
469 3343 536 3382 cum
564 3343 623 3400 quo
649 3325 753 3382 beatus
774 3326 945 3400 Stephanus
963 3329 1191 3402 prothomartyr
1211 3328 1289 3402 lapi-

329 3424 416 3480 datus
435 3425 491 3481 suit
511 3430 541 3480 et
563 3423 599 3480 de
619 3424 767 3496 sanguine
786 3425 862 3498 ejus.

288 3521 333 3578 De
352 3538 479 3595 corpore
499 3521 594 3578 sancti
614 3520 750 3589 Eodaldi‚
773 3522 924 3596 martyris.
1301 3529 1340 3593 30

288 3619 333 3675 De
350 3636 477 3692 corpore
496 3619 592 3675 sancti
613 3619 755 3703 serotini,
777 3621 918 3694 martyris
937 3626 967 3677 et
984 3621 1083 3678 levite.

284 3719 334 3774 'De
353 3721 458 3773 sancto
481 3716 639 3772 Victorino
659 3717 778 3790 hospite
798 3718 895 3774 sancti
915 3719 1071 3774 saviniani
1091 3719 1175 3775 etde
1194 3720 1265 3776 filio.

256 3809 261 3820 ’
291 3817 337 3872 De
357 3815 470 3872 sanctis
490 3815 675 3888 martyribus
695 3815 858 3871 Sanctiano
877 3820 906 3871 et
925 3817 1105 3887 Augustino.

290 3914 335 3970 De
355 3913 467 3969 sanctis
487 3912 588 3968 Felice
607 3918 636 3968 et
656 3913 802 3980 Auberto‚
824 3913 1017 3987 martyribus,

292 4013 335 4069 De
355 4011 492 4086 reliquiis
512 4013 608 4069 sancti
626 4012 797 4069 Laurencii.

290 4112 335 4178 De
355 4116 458 4184 sancto
477 4110 652 4183 Vincencio.
