3168 5012
676 557 721 601 ·'-
746 552 879 620 237-

254 689 441 784 antiquitus
457 693 527 762 dati
546 693 588 762 ad
601 697 797 783 pittanciam
812 695 853 762 do
862 693 1060 783 campanula
1073 711 1134 782 pro
1148 693 1217 760 iilis
1235 693 1293 780 qui

254 811 434 880 oomcdnnt
448 813 484 877 in
497 811 687 879 refectorio.
704 813 747 880 Et
767 813 816 878 illi
838 820 912 880 octo
931 811 964 878 d.
987 833 1019 898 p.
1043 810 1165 877 debent
1187 809 1294 896 recipi

149 967 152 972 ·
255 951 314 997 sau
330 932 404 1018 oapi
425 949 524 1017 super
542 929 730 998 redditibus
747 949 830 1016 quos
845 928 955 996 dictus
975 929 1068 1015 prior
1087 927 1185 1014 Hugo
1203 924 1293 992 dioto

255 1047 420 1136 prioratui
436 1045 477 1112 da
495 1045 695 1113 Andrisiaoo
714 1046 908 1133 adquisivit.
935 1045 978 1112 Et
1006 1043 1048 1111 ad
1068 1045 1132 1110 hoo
1151 1041 1310 1134 impleo--

256 1164 346 1242 dum,
365 1162 463 1230 debet
481 1162 635 1230 dominus
658 1161 761 1229 abbas
782 1163 930 1250 recipero
952 1163 1127 1229 annuatim
1147 1162 1182 1226 in
1207 1159 1295 1230 focio

158 1319 162 1325 ·
255 1279 556 1347 Sancti-saviniani
576 1280 724 1366 aprione
743 1279 784 1345 de
798 1279 999 1347 Andrisiaco
1018 1300 1036 1346 o
1057 1299 1084 1346 s.
1109 1300 1141 1366 p.
1166 1279 1210 1346 Et
1233 1298 1294 1366 pro

255 1395 321 1460 hiis
332 1400 468 1463 tenetur
481 1396 635 1462 dominus
656 1397 759 1463 abbas
776 1416 876 1485 super
890 1397 986 1463 bonis
1003 1399 1038 1464 ct
1050 1393 1239 1462 redditibus
1252 1396 1296 1461 Is·

255 1513 323 1578 tius
338 1513 534 1579 monasterii
551 1512 781 1580 Sancti-Petri
804 1513 855 1578 xii
879 1513 912 1579 d.
934 1531 995 1600 pro
1016 1511 1158 1599 singulis
1179 1509 1295 1578 dicbus
1354 1577 1357 1586 „

257 1628 385 1694 solvere
400 1630 549 1716 exceptis
562 1628 679 1695 diebus
693 1630 761 1696 illis
781 1630 817 1695 in
841 1629 960 1716 quibus
985 1627 1084 1695 dabat
1099 1628 1295 1714 pittanciam

255 1745 355 1810 aliam
371 1766 432 1832 pro
446 1747 610 1832 pittancia
625 1746 822 1833 campanula
851 1744 1076 1832 adImplcnda.
1093 1743 1166 1809 Hoc
1178 1741 1243 1808 fuit
1255 1741 1296 1808 de

258 1881 423 1928 consensu
468 1862 594 1929 domini
628 1862 760 1930 abbatis
795 1866 830 1930 et
870 1866 1055 1929 conventus
1088 1853 1296 1926 unanimiter

257 2095 330 2161 tino
351 2093 659 2162 Sancti-Saviniani
675 2096 710 2160 in
723 2093 860 2162 Octobri
879 2093 938 2182 (l).

289 2210 410 2256 Dominus
423 2210 508 2260 abbas.

288 2300 333 2346 Pro
345 2299 399 2347 isto*
409 2295 578 2348 anniversurio
589 2299 659 2348 dobot
674 2303 811 2348 convontus
829 2299 864 2348 xii
884 2300 909 2348 d.
928 2298 1070 2360 elemosina,
1084 2297 1120 2345 xii
1136 2296 1163 2346 d.
1180 2297 1293 2358 pulsato-

252 2389 337 2437 uibus.

299 2501 356 2548 DIII
380 2500 545 2550 DOMINIGA
556 2501 669 2548 iussa
685 2500 836 2548 OTTABIS
848 2499 992 2549 NATALIS
1010 2499 1146 2559 DOMINI,
1162 2495 1296 2548 DEBENT

258 2615 371 2664 REOIPI
407 2617 498 2664 APUD
524 2615 903 2665 Pondus-SUPER·YONEM
925 2615 1010 2663 OTTO
1050 2615 1203 2663 costum
1229 2613 1295 2662 PRO

255 2732 387 2781 ABBATE
403 2733 573 2780 GAUFRIDO
589 2733 632 2779 ET
643 2731 793 2790 QUINQUE
808 2732 874 2779 Pico
894 2732 1064 2780 MAGISTRO
1079 2730 1215 2790 SIMONE,
1233 2731 1296 2780 Dn-

258 2847 345 2896 GANO
368 2848 540 2908 NIVIIRNSI,
560 2849 603 2896 ET
623 2849 679 2896 fflo
698 2849 833 2896 DEBENT
853 2847 1062 2896 COMPUTARI.

289 2945 334 2992 iiic
349 2950 523 3006 computantur
533 2949 556 2993 ot
570 2947 597 2993 in
607 2945 657 2992 fine
669 2945 726 2993 libri
736 2946 904 3006 soripbuntur.

303 3035 358 3102 31.
378 3069 422 3088 -·-
435 3036 466 3101 II
483 3036 562 3103 Kal.
578 3035 753 3103 -Passio
778 3041 970 3105 sanctorum
986 3036 1160 3106 Saviniani
1183 3040 1218 3105 et
1236 3037 1298 3105 Po·

259 3154 419 3220 tenoiani.

675 3267 876 3282 m

304 3397 381 3445 ISTA
393 3395 462 3456 DIE,
480 3396 614 3445 DEBEN'I'
628 3397 779 3445 DOMINUS
793 3397 911 3458 ABBAS,
927 3397 1069 3448 PRIORES
1080 3397 1124 3446 ET
1141 3395 1299 3446 ommun-

261 3511 367 3558 claun
385 3511 532 3562 SUMMAM
546 3511 612 3570 Qun
630 3513 811 3571 SEQUITUR.

307 3671 421 3738 Primo
436 3672 589 3739 dominus
602 3671 705 3740 abbas
717 3694 741 3738 o
751 3676 792 3740 lb.
799 3695 862 3758 pro
876 3677 991 3758 rapoto
999 3696 1011 3758 ;
1027 3679 1110 3740 item
1127 3695 1190 3760 pro
1202 3675 1299 3740 domo

262 3789 302 3852 de
315 3789 348 3853 Io
362 3789 549 3872 Bocchorim
562 3793 646 3855 item
655 3810 720 3875 pro
735 3801 824 3856 terro
837 3811 897 3876 poc
910 3805 956 3858 eut
969 3811 1013 3858 eo
1023 3811 1084 3858 soa
1094 3800 1202 3859 cotom
1216 3793 1298 3856 ciiii

262 3923 289 3970 o.
306 3913 330 3972 t.
346 3929 359 3984 ,·
374 3910 456 3972 item
467 3927 530 3990 pro
544 3927 604 3977 coo
617 3906 651 3972 0.
667 3917 698 3974 et
708 3928 771 3992 pro
788 3906 822 3973 0.
839 3929 886 3974 oo
904 3909 1039 3976 oe'tdcicr
1053 3901 1103 3976 ts.

293 4117 330 4182 (t)
345 4119 377 4166 Lo
392 4119 435 4168 Ms.
450 4121 477 4170 56
492 4121 572 4180 ajouto
583 4121 640 4182 ici:

204 4247 205 4252 ,
294 4202 401 4258 Summa
412 4210 443 4258 dc
455 4209 544 4268 repca
559 4215 584 4260 ct
595 4213 712 4263 domibus
725 4214 756 4263 dc
767 4225 854 4264 mcccc
863 4226 896 4262 xo
908 4215 942 4266 ib.
951 4225 984 4262 xo
997 4226 1021 4264 s.
1034 4213 1064 4260 iti
1076 4214 1103 4262 d.
1164 4204 1167 4212 ’
