3180 5012
743 534 917 600 ...24-

301 677 411 763 prima
431 675 541 741 sabati
563 677 657 744 venit
689 676 801 742 Maria
822 677 1023 764 Magdalene
1047 675 1212 743 etaltera
1240 678 1352 744 Maria
1412 767 1415 772 Ι

301 792 417 858 videre
437 793 637 879 sepulcrum.
671 794 719 858 De
742 792 806 859 hoc
825 793 978 880 sepulcro
998 792 1161 858 habemus
1188 793 1350 879 reliquias

304 897 394 994 quas'
406 906 577 996 predictus
602 907 809 986 Alexander,
836 908 1003 994 presbiter
1034 907 1074 973 de
1097 907 1230 986 Naudo,
1261 913 1351 976 tem-

304 1020 541 1109 poreAlnaldi
569 1022 702 1089 abbatis
725 1025 805 1089 huic
825 1025 1031 1091 monasterio
1059 1023 1272 1090 condonavit.
1306 1024 1351 1090 Et

303 1143 422 1224 postea
447 1136 599 1224 prefatus
626 1137 808 1203 Gaufridus
832 1138 935 1204 abbas
961 1139 996 1204 in
1020 1157 1125 1224 parva
1145 1137 1213 1203 alia
1231 1137 1349 1204 tabula

170 1295 183 1304 -
303 1251 493 1318 cristallina
512 1255 547 1318 et
575 1257 740 1339 argentea
758 1253 865 1320 voluit
897 1254 1102 1319 conservari.
1129 1253 1176 1318 De
1193 1253 1345 1338 sepulcro

238 1423 245 1441 ,
304 1368 465 1432 Dominus
490 1369 508 1432 J
512 1367 615 1433 hesus
629 1370 736 1434 tercia
750 1368 804 1433 die
818 1369 1006 1436 resurrexit
1025 1372 1061 1434 et
1080 1368 1188 1434 multa
1206 1386 1348 1452 corpora

208 1473 211 1477 ’
303 1484 360 1568 qui
382 1483 566 1550 dormierat
584 1489 667 1565 (cic),
697 1488 957 1549 resurrexerunt
977 1503 1051 1549 cum
1072 1502 1111 1548 eo
1128 1487 1162 1548 et
1180 1502 1348 1569 apparue-

305 1603 385 1664 runt
404 1599 533 1665 multis.
554 1601 593 1665 In
611 1599 820 1685 Euvangelio
834 1598 1033 1664 Nichodemi
1048 1597 1174 1684 legitur
1186 1596 1273 1682 quod
1288 1596 1348 1666 Ca·

192 1796 202 1803 „
259 1709 295 1772 10
305 1715 400 1780 rinus
418 1719 452 1780 et
464 1715 620 1797 Lencius,
633 1714 693 1780 filii
704 1715 880 1801 Symeonis
889 1714 988 1800 justi,
1001 1734 1076 1779 cum
1086 1712 1223 1780 Christo
1235 1714 1353 1777 resur·
1471 1715 1473 1724 '

304 1834 467 1898 rexerunt
484 1834 519 1897 ct
541 1836 789 1917 apparuerunt:
811 1836 918 1910 Anne,
939 1829 1112 1916 Chayphe,
1130 1827 1350 1905 Nichodemo,

268 1961 277 1982 ‘
304 1946 441 2031 Joseph,
463 1945 642 2012 Gamalieli
658 1950 692 2012 et
708 1947 810 2024 aliiss
831 1949 866 2012 et
884 1945 1044 2025 dixerunt
1065 1945 1113 2009 eis
1131 1965 1138 2009 :
1158 1944 1241 2010 Cum
1260 1964 1351 2009 esse-

304 2083 379 2126 mus
396 2081 470 2127 cum
486 2063 640 2148 patribus
657 2063 692 2126 in
705 2061 849 2147 caligine
866 2061 1095 2138 tenebrarum,
1113 2060 1224 2127 subito
1235 2060 1346 2127 factus

276 2227 282 2234 .
305 2182 357 2243 est
373 2196 496 2242 aureus
513 2177 595 2241 solis
617 2177 709 2242 color
725 2180 759 2241 et
775 2175 1031 2255 lux'illustrans
1048 2195 1148 2260 super
1168 2195 1230 2241 nos
1251 2197 1259 2253 ;
1283 2178 1351 2240 sta-

252 2316 261 2330 ·
303 2291 366 2356 tim
382 2289 492 2355 Adam
506 2295 606 2375 pater
619 2290 758 2355 humani
779 2291 913 2376 generis
933 2291 1100 2357 exultavit
1117 2290 1231 2355 dicens
1248 2311 1255 2354 :
1273 2292 1352 2355 Lux

305 2405 372 2470 ista
393 2405 518 2470 actoris
537 2408 592 2471 est
608 2405 745 2469 luminis
771 2405 979 2491 sempiterni,
1005 2406 1063 2490 qui
1085 2405 1181 2470 nobis
1195 2386 1363 2490 promisit*

304 2520 440 2586 mittere
455 2522 649 2585 coeternum
666 2519 779 2584 lumen
796 2539 904 2583 suum.
925 2519 969 2585 Et
984 2519 1187 2586 exclamavit
1200 2520 1324 2585 Ysaias
1340 2540 1348 2584 :

305 2634 374 2699 Hoc
393 2634 452 2699 lux
472 2635 544 2716 Dei,
568 2635 654 2700 sicut
676 2633 809 2720 predixi
830 2634 865 2697 in
885 2634 999 2700 terris.
1024 2634 1172 2721 Populus
1196 2635 1252 2719 qui
1275 2654 1353 2699 am·

304 2750 442 2817 bulabat
457 2752 492 2815 in
507 2750 657 2817 tenebris
671 2749 757 2816 vidit
769 2750 877 2814 lucem
889 2770 1059 2837 magnam.
1073 2751 1326 2836 Tunc-Symeon
1340 2772 1348 2816 ε

257 2861 295 2923 20
305 2866 403 2932 Hunc
419 2871 536 2933 natum
559 2867 594 2931 in
612 2866 737 2951 templo
759 2865 902 2950 suscepi.
922 2866 965 2932 Et
978 2864 1154 2931 Johannes
1168 2866 1349 2951 Baptista:

304 2984 394 3047 Ante
411 2981 530 3062 faciem
553 2981 777 3066 istiuspreivi
799 2985 834 3046 et
851 2983 959 3066 ipsum
981 2975 1349 3068 digito'demonstravi.

304 3096 349 3161 Et
365 3095 492 3180 Dauid:
511 3097 671 3162 Dominus
692 3095 792 3164 fortis
807 3102 842 3163 et
857 3101 976 3184 potens
992 3098 1063 3183 ipse
1083 3101 1147 3162 est.
1167 3098 1259 3162 Tunc
1277 3097 1352 3160 ltex

242 3245 244 3249 ·
304 3211 410 3296 glorie
439 3211 631 3297 supervenit
660 3216 695 3277 ct
724 3215 860 3278 eternas
888 3212 1048 3279 tenebras
1078 3213 1275 3288 illustravit,
1313 3216 1348 3277 ct

303 3332 424 3418 tenens
441 3326 615 3393 dexteram
631 3327 702 3392 Ade
717 3326 804 3393 dixit
819 3349 826 3392 :
843 3329 917 3393 Pax
933 3328 995 3399 tibi
1013 3330 1047 3393 et
1061 3326 1141 3392 filiis
1160 3327 1229 3392 tuis
1243 3327 1348 3412 just-is

305 3444 401 3507 meis.
430 3442 474 3507 Et
494 3441 646 3508 ascendit
674 3442 798 3506 Jhesus
831 3442 872 3507 ab
897 3441 1026 3522 inferis,
1055 3447 1089 3506 ct
1107 3461 1222 3506 omnes
1241 3419 1351 3509 sancti

305 3557 411 3623 secuti
432 3560 511 3623 sunt
528 3576 615 3631 eum,
634 3562 667 3622 et
683 3556 825 3624 tradidit
841 3577 898 3622 eos
918 3557 1088 3622 Michaeli.
1106 3558 1149 3622 Et
1166 3557 1232 3621 hiis
1250 3557 1351 3623 factis

303 3677 476 3758 presentes
498 3670 668 3738 affuerunt
688 3671 805 3737 Enohc
825 3677 859 3738 et
876 3673 1004 3749 Helias,
1026 3693 1066 3737 ac
1086 3673 1187 3738 etiam
1206 3672 1294 3738 latro
1310 3673 1351 3738 do

289 3794 401 3853 'cruce
417 3786 528 3853 ferens
549 3788 682 3873 signum
708 3788 830 3852 crucis.
860 3787 935 3851 Hiis
955 3787 1055 3852 dictis
1080 3788 1190 3853 subito
1210 3787 1351 3854 transfi-

302 3906 416 3991 gurati
449 3908 529 3970 sunt
556 3904 701 3969 Carinus
732 3908 766 3970 et
787 3905 932 3969 Lencius
957 3906 991 3968 et
1020 3904 1164 3989 amplius
1182 3924 1250 3969 non
1272 3910 1351 3971 sunt

255 4018 382 4086 30visi.
405 4021 487 4086 Post
507 4021 789 4085 resurrectionem
811 4019 971 4105 Dominus
991 4018 1115 4083 ihesus
1136 4019 1297 4104 apostolis
1317 4025 1351 4084 et

243 4207 248 4214 .
307 4133 480 4226 discipulis
505 4155 565 4227 per
589 4134 815 4228 quadraginta
838 4133 909 4199 dies
929 4153 1096 4229 apparens
1117 4154 1205 4207 anno
1232 4133 1273 4204 ab
1295 4134 1350 4202 in-
