3160 5016
753 451 884 520 -288
907 488 951 504 -

838 644 862 690 x

652 797 1045 870 REOONNAISSANCE

386 953 422 995 ur
441 954 605 996 osrunsrou
625 955 813 998 souunuattn
831 960 887 1000 ons
910 960 1055 1008 nnurouus
1076 963 1114 1002 oe
1133 961 1219 1003 sarnr
1238 963 1315 1005 nour

679 1047 874 1106 nncnnvdouu
895 1059 932 1099 nu
950 1058 1024 1100 suus

367 1181 494 1254 Hugues
509 1182 546 1240 de
560 1185 673 1260 Toucy,
690 1186 880 1263 archeveque
894 1188 931 1246 de
950 1187 1038 1258 Sans,
1049 1189 1115 1246 afin
1130 1190 1168 1250 de
1179 1191 1256 1251 faire
1266 1209 1370 1252 cesser
1474 1213 1476 1220 ·

334 1283 418 1337 toute
431 1279 608 1339 discussion
621 1300 676 1340 sur
686 1283 861 1344 l’existence
878 1286 957 1344 mise
968 1303 1005 1344 en
1017 1287 1108 1346 doute
1117 1288 1171 1348 des
1185 1289 1319 1366 reliques
1330 1291 1368 1350 de

334 1377 415 1435 saint
424 1379 594 1454 Loupdans
608 1381 725 1455 l'eglise
735 1384 887 1442 abbatiale
899 1384 936 1442 de
947 1385 1223 1456 sainte-Colombe,
1234 1405 1267 1446 se
1280 1387 1366 1456 rend,

342 1492 403 1534 une
414 1477 567 1551 premiere
583 1479 689 1551 lois,a
710 1481 740 1538 la
752 1481 900 1542 demanda
916 1482 953 1540 da
971 1483 1068 1540 l'abbe
1086 1483 1198 1542 Girard
1212 1484 1288 1544 dans
1309 1503 1366 1542 son

270 1639 272 1643 ,
332 1575 439 1648 eglise,
460 1582 491 1634 et
509 1583 698 1652 yreconnalt
709 1579 739 1638 la
752 1582 898 1656 presence
918 1581 958 1638 du
983 1598 1074 1657 corps
1090 1583 1189 1641 entier
1203 1588 1234 1642 ct
1247 1583 1370 1642 duchcl'

333 1673 374 1732 du
390 1675 471 1736 saint
484 1678 666 1736 conlasseur
677 1683 842 1737 conserves
858 1679 933 1737 dans
945 1697 1006 1738 une
1022 1680 1142 1738 chasse.
1153 1681 1222 1738 Une
1235 1681 1367 1740 seconde

331 1758 401 1839 fois,
421 1788 475 1828 sur
503 1772 614 1831 l'ordre
639 1773 679 1830 du
701 1791 777 1850 pape
794 1775 911 1834 Adrien
930 1776 971 1832 lV
991 1775 1122 1834 sollicite
1134 1783 1165 1834 et
1185 1778 1297 1835 obtenu
1312 1793 1369 1852 par

332 1868 429 1928 l'abbe
447 1871 560 1943 Endos
582 1890 765 1932 successeur
783 1874 820 1932 de
840 1875 961 1946 Girard,
982 1881 1012 1933 et
1031 1879 1239 1950 accompagne
1252 1875 1288 1934 de
1302 1877 1367 1934 Ma-

331 1971 433 2040 nasse,
444 1971 560 2046 aveque
579 1970 739 2030 d'Orlcans
760 1972 841 2031 etde
861 1974 954 2030 Alain
970 1977 1086 2049 ereque
1102 1974 1283 2046 d'Auxerre,
1294 1974 1315 2032 il
1333 1992 1367 2032 se

331 2068 406 2124 rend
420 2070 439 2124 a
452 2068 734 2139 Semta-colomba,
751 2077 781 2128 et
796 2071 836 2140 la,
853 2071 874 2128 il
897 2078 1016 2130 mentre
1032 2073 1285 2132 solennellement
1299 2076 1319 2132 a
1335 2074 1368 2131 la

330 2165 413 2224 ioule
429 2165 468 2223 du
480 2166 583 2241 clerge
604 2174 635 2227 et
648 2168 689 2226 du
702 2169 811 2245 peuple
828 2170 874 2228 les
892 2170 1028 2246 reliques
1045 2170 1085 2228 du
1105 2173 1185 2230 saint
1204 2172 1304 2248 pontif
1322 2215 1329 2230 .

731 2297 783 2368 <aa
796 2297 863 2371 jun
879 2296 971 2370 neo.)

362 2423 483 2487 (Original
498 2438 541 2472 sur
554 2425 699 2484 parchemin
722 2425 839 2472 autrefois
858 2425 931 2472 muni
941 2425 972 2473 da
985 2425 1045 2473 trois
1061 2437 1152 2473 ecaaux
1167 2437 1211 2474 sur
1226 2438 1319 2486 queuos
1336 2427 1366 2474 de

297 2528 299 2534 ’
334 2513 480 2576 parchemin
496 2520 520 2562 ot
540 2515 657 2582 conqervt
677 2513 742 2562 daus
762 2514 789 2562 la
811 2513 983 2575 Bibliotheque
1000 2515 1030 2562 da
1048 2515 1109 2564 Saus
1124 2528 1183 2563 sous
1204 2515 1229 2563 la
1250 2519 1303 2564 cote
1317 2517 1366 2564 114

332 2613 359 2654 n·
376 2608 385 2653 l
410 2606 453 2652 des
472 2603 590 2652 Archives
609 2603 639 2652 de
651 2602 763 2650 l'Youne.
781 2603 861 2652 Gellia
877 2600 1017 2652 Christiana
1040 2607 1057 2655 t.
1076 2605 1121 2651 Xll
1138 2629 1168 2640 —
1186 2604 1320 2653 Ganulaire
1335 2606 1366 2655 da

332 2693 436 2743 l'l'oune
448 2708 474 2755 p.
489 2691 558 2755 cxl.)
1045 2705 1050 2713 ·

376 2832 447 2918 Ego
470 2829 580 2918 Engo,
618 2830 678 2895 Dei
707 2830 820 2917 gratia
850 2830 1052 2897 Sunonensis
1081 2829 1362 2918 archiepiscopus.

331 2949 457 3016 Notum
474 2967 549 3014 esse
564 2947 640 3014 volo
655 2947 823 3015 universis
836 2946 991 3014 fidelibus
1008 2948 1067 3013 Dei
1087 2949 1244 3034 quoniam
1259 2947 1366 3015 ambi-

331 3064 443 3152 guitas
464 3068 538 3131 erat
558 3063 598 3130 de
623 3083 761 3151 corpore
789 3062 879 3132 beati
900 3066 998 3152 Lupi,
1022 3063 1237 3143 confessoris,
1261 3063 1366 3132 Seno-

333 3182 446 3247 nensis
477 3181 655 3259 antistitio,
689 3184 801 3247 utrum
820 3181 856 3246 in
881 3180 1022 3248 ecclesia
1049 3179 1367 3248 Sancte-Columba-

331 3298 471 3385 Maj0ris
508 3299 677 3384 integrum
716 3318 790 3364 cum
829 3298 938 3386 capite
984 3299 1182 3383 quiesceret,
1226 3316 1287 3390 nec
1310 3317 1365 3362 ne.

330 3415 456 3480 Verum
470 3418 509 3480 ut
523 3414 661 3501 hujusce
676 3412 763 3479 modi
778 3413 982 3501 ambiguitas
995 3413 1036 3480 de
1050 3414 1159 3480 medio
1173 3412 1367 3480 auferretur

330 3534 364 3596 et
387 3531 438 3596 rei
455 3530 583 3598 veritas
602 3529 750 3596 eluceret
773 3529 815 3595 ad
830 3530 975 3618 plenum,
1002 3531 1055 3596 vir
1072 3529 1275 3618 venerabilis
1306 3529 1368 3618 Gi·

332 3645 464 3724 rardus,
495 3644 642 3732 ejusdem
670 3646 809 3713 ecclesie
837 3645 954 3726 abbas,
983 3667 1057 3714 cum
1098 3646 1205 3714 multa
1231 3665 1366 3733 precum

331 3764 497 3831 instantia
521 3782 583 3830 nos
602 3764 738 3849 rogauit
766 3767 806 3830 ut
837 3767 992 3830 sanctum
1015 3783 1135 3850 corpus
1156 3761 1239 3828 illud
1259 3763 1368 3847 inspi-

331 3899 482 3946 ceremus
495 3881 667 3964 quatinus,
686 3881 804 3967 agnita
818 3879 859 3945 de
872 3881 945 3967 ipso
961 3880 1118 3957 veritate,
1138 3883 1212 3946 tota
1226 3879 1368 3947 ulterius

332 4000 480 4063 cessaret
495 3996 711 4083 ambiguitas,
730 3998 903 4083 omnisque
917 4015 960 4061 ex
972 3995 1050 4062 inde
1064 3994 1185 4062 aborta
1199 3996 1368 4083 sopiretur

332 4113 515 4182 contentio.
535 4113 606 4182 Nos
626 4113 741 4200 itaque
754 4133 815 4201 pro
831 4132 912 4200 pace
932 4112 1034 4209 digne
1053 4112 1273 4200 postulationi
1289 4132 1368 4201 pre-
