3168 5012
662 573 856 641 -195-

282 715 334 782 19.
349 753 392 764 -
407 715 490 782 ΧΙΙΙ
509 713 586 782 Kal.
602 716 719 783 -Ob

279 832 334 900 20.
349 870 392 881 -
404 829 473 898 xli
486 833 562 899 Kal.
579 831 725 901 —Obiit
743 832 813 900 Odo
829 831 1034 912 Bonsardus,
1050 853 1110 921 pro
1124 855 1188 923 quo
1200 835 1264 903 ha·

236 951 293 1019 bet
313 955 510 1031 conventus,
529 971 629 1037 super
648 953 780 1017 vineam
811 952 910 1018 sitam
934 971 977 1018 au
997 951 1123 1031 Murat,
1138 973 1160 1021 u
1176 973 1203 1018 s.
1220 974 1270 1039 p.,

238 1069 273 1135 ui
290 1068 322 1134 d.
340 1069 533 1146 elemosina,
552 1069 585 1135 vi
604 1067 635 1134 d.
658 1067 861 1154 pulsatores.
968 1087 971 1092 ·

271 1184 473 1232 Elemosinariue.

282 1277 368 1344 Item
389 1276 472 1344 obiit
487 1275 694 1355 Bernardus,
713 1275 910 1354 monachus,
924 1296 985 1362 pro
1004 1297 1068 1363 quo
1080 1275 1184 1344 habet
1196 1297 1279 1349 oon·

242 1397 363 1461 ventus
383 1412 483 1480 super
502 1394 634 1460 vineam
651 1394 686 1458 in
701 1391 853 1459 Greuisv
873 1413 900 1458 s.
921 1414 968 1479 p.,
981 1395 1015 1460 vi
1029 1393 1062 1459 d.
1082 1393 1274 1474 elemosina,

239 1510 274 1574 vi
284 1509 317 1576 d.
333 1509 534 1596 pulsatores,
547 1513 580 1576 et
593 1509 695 1575 abbas
710 1507 809 1574 debet
819 1508 1022 1594 prebendam
1036 1510 1203 1598 integram
1213 1510 1278 1578 hac

242 1624 307 1692 die.
1107 1669 1113 1681 ι

281 1745 337 1810 21.
359 1780 402 1790 -
419 1743 468 1808 XI
484 1743 607 1809 Kal—
620 1743 750 1808 Mathei
765 1742 942 1829 appostoii.
959 1742 1124 1812 Obierunt
1136 1744 1277 1811 Edeline

240 1859 280 1926 de
295 1861 511 1948 Seruigniaco
535 1864 569 1926 et
590 1859 776 1944 Philippus,
796 1861 938 1926 maritus
960 1879 1052 1938 suus,
1077 1879 1138 1946 pro
1158 1860 1277 1948 quibus

239 1976 341 2044 habet
354 1979 550 2054 conventus
569 1995 669 2061 super
687 1976 819 2042 vineam
837 1995 879 2040 au
903 1975 1010 2041 Noier
1021 1975 1278 2072 Pancartjuxta

238 2095 373 2160 vineam
390 2112 453 2179 que
472 2089 537 2158 fuit
548 2091 734 2169 Heremite,
751 2091 787 2158 ix
803 2112 830 2158 s.
853 2112 878 2157 x
890 2090 925 2158 d.
946 2112 979 2179 p.
993 2090 1231 2178 persolvendos
1241 2093 1277 2158 in

241 2207 328 2277 festo
364 2207 633 2276 Sancti-Martini
660 2206 847 2295 hyemalis;
879 2212 914 2274 et
951 2212 1093 2296 possunt
1121 2208 1226 2276 levari
1256 2227 1277 2274 a

239 2330 405 2393 conventu
428 2327 462 2393 vi
486 2324 519 2391 d.
536 2347 569 2412 p.
592 2344 652 2412 pro
669 2344 766 2412 pena,
789 2324 938 2412 qualibet
960 2325 1013 2392 die
1037 2345 1103 2412 qua
1122 2329 1277 2394 tenentes

241 2442 425 2512 defecerint
447 2444 482 2509 in
499 2443 665 2511 solutione
684 2443 833 2530 pecunie,
854 2445 892 2510 ut
908 2443 943 2508 in
962 2443 1088 2512 litteris
1104 2443 1197 2510 curie
1215 2442 1276 2512 Se·
1370 2451 1372 2458 '

240 2561 402 2626 nonensis
421 2561 625 2627 continetur.

268 2677 336 2725 lstud
350 2677 549 2726 anniversarium
565 2679 721 2737 computatur
740 2675 767 2724 in
784 2674 923 2736 Novembri,
941 2674 1001 2736 quia
1013 2679 1072 2723 tunc
1088 2675 1208 2723 debentur
1224 2675 1266 2722 xxi

239 2781 258 2814 s.
277 2781 305 2827 p.
327 2779 371 2827 pro
387 2767 433 2814 islo
450 2767 619 2815 anniversario
642 2771 664 2814 et
686 2778 730 2826 pro
752 2763 931 2812 anniversariis
954 2765 1078 2824 arnulphi
1103 2768 1126 2812 ot
1151 2765 1273 2826 Nicholny

239 2857 411 2918 praebitorum,
427 2869 475 2916 que
491 2855 554 2903 fiunt
569 2856 596 2902 in
610 2855 716 2902 Octobri.

271 2945 366 2991 Relicta
376 2947 446 2990 Petri
460 2947 587 2993 Auuncoli
602 2949 676 2992 tenet.

285 3043 408 3110 Eadem
431 3043 496 3122 die,
513 3043 668 3109 obierunt
686 3040 762 3107 Gilo
781 3044 816 3108 et
833 3039 1065 3121 Bellissandis,
1084 3061 1170 3109 uxor
1188 3042 1271 3130 ejus,

240 3181 301 3247 pro
325 3161 444 3248 quibus
467 3160 569 3227 habet
594 3162 799 3236 conventre,
823 3178 922 3243 super
945 3162 1073 3226 terram
1101 3179 1144 3226 au
1171 3159 1275 3228 Noier

239 3279 351 3357 Aline,
370 3300 391 3345 u
413 3299 437 3344 s.
456 3298 530 3365 par.

272 3397 384 3444 (luiterus
397 3395 525 3456 Papelurdi
535 3394 580 3459 (l).

270 3485 399 3532 Jobaaaes
415 3486 497 3532 dictus
514 3487 545 3532 de
563 3485 670 3530 Voutom
686 3488 759 3529 tenet.

282 3585 406 3652 Eadem
429 3584 494 3664 die,
522 3584 604 3652 obiit
630 3584 815 3651 Garnerius
833 3585 856 3649 li
875 3587 1111 3674 Angousseus‚
1132 3607 1272 3677 proquo

239 3702 342 3769 habet
362 3707 558 3780 conventus,
584 3707 820 3788 superterram
833 3725 952 3771 versus
971 3703 1196 3771 molendinum
1216 3726 1273 3772 ce*

240 3819 367 3901 lerarii,
379 3841 401 3885 v
414 3841 441 3884 s.
456 3825 484 3886 t.

270 3929 376 3977 (larinus
397 3928 415 3974 li
431 3928 575 3976 tundierres.

270 4019 353 4066 Liberi
365 4019 489 4065 tolenno
504 4020 534 4063 de
545 4019 656 4064 Foeseto,

271 4235 306 4302 (l)
323 4237 427 4299 lianquo
446 4237 509 4284 dans
524 4236 546 4283 le
560 4237 595 4284 ils
610 4238 648 4286 55.
