3164 5016
749 555 926 621 ..88-

313 697 398 766 lacio
432 697 606 778 destituto,
642 693 769 765 'iratres
802 697 915 764 istius*
932 696 995 766 loci
1028 694 1196 761 adomno
1233 695 1353 761 Gilone

315 812 459 878 secundo
487 811 652 892 Cornuti,
683 813 867 880 senonensi
892 811 1160 898 archiepiscopo,
1188 812 1294 897 petita
1318 815 1351 878 et

314 933 451 1016 optenta
459 928 599 995 licencia
612 928 772 1016 eligendi,
788 947 902 994 omnes
915 928 971 1012 qui
984 927 1165 1012 potuerunt
1178 919 1350 992 commode

314 1046 478 1112 interesse
495 1046 535 1110 in·
546 1046 728 1132 capitulum
742 1045 784 1111 ad
797 1044 884 1110 diem
897 1045 1061 1131 prettnnm
1077 1043 1213 1109 insimul
1229 1063 1353 1109 conve-

315 1169 449 1242 nerunt,
467 1167 501 1230 et
516 1165 671 1228 invocata
687 1159 962 1248 Sancti-Spiritus
975 1162 1098 1248 gratia,
1116 1165 1154 1228 ut
1168 1162 1270 1226 moris
1286 1165 1351 1239 est,

313 1279 445 1346 demum
464 1298 524 1366 per
537 1279 624 1346 viam
642 1279 796 1345 scrutinii
807 1276 950 1364 quedam
968 1296 1047 1364 pars
1066 1296 1169 1342 unum
1187 1275 1348 1344 etaltera
1455 1283 1458 1289 '
1482 1354 1485 1362 Ι

313 1397 457 1463 alterum
473 1393 674 1461 discorditer
688 1393 873 1480 elegerunt.
892 1392 955 1467 Qui
970 1412 1056 1457 unus
1073 1395 1191 1458 contra
1206 1392 1349 1459 alterum

313 1509 521 1598 appellantes
538 1508 707 1576 adsedem
728 1508 948 1596 apostolicam
967 1513 1193 1575 accesserunt.
1223 1509 1351 1595 Quique

314 1632 427 1694 coram
452 1647 580 1693 summo
604 1625 760 1714 pontifice
775 1626 924 1693 Martino
938 1624 1021 1692 ΙΙΙΙο
1040 1621 1087 1710 (1)
1105 1627 1349 1709 comparentes,

267 1735 448 1834 idquidam
468 1746 615 1830 ipsorum
626 1745 697 1831 juri
710 1762 770 1810 suo
786 1741 1049 1810 renunciavit-et
1066 1740 1166 1807 alteri
1186 1738 1353 1807 contradi·
1434 1739 1437 1744 ’
1510 1731 1513 1738 ’

313 1861 417 1930 condo
441 1861 576 1949 petebat
611 1864 650 1927 ut
689 1861 932 1926 examinationi
959 1858 1124 1946 legittime
1150 1855 1348 1943 subjaceret.
1434 1921 1436 1926 .

314 1969 499 2061 Quo'iact0,
510 1977 681 2064 predictus
694 1997 843 2042 summus
852 1975 1005 2064 pontifex
1018 1973 1060 2041 da
1069 1974 1191 2042 domno
1204 1974 1348 2060 Symone
1433 1997 1437 2004 ’

313 2094 477 2180 predicte,
492 2099 573 2162 tuno
587 2095 698 2181 priore
715 2093 755 2159 de
778 2093 953 2180 lagniaco,
971 2112 1031 2179 per
1045 2081 1221 2158 consilium
1236 2091 1350 2178 eujus-

312 2210 389 2276 dam
409 2209 526 2277 militis
542 2211 676 2275 nomina
696 2208 826 2275 Gilonis
849 2209 889 2275 de
903 2211 1037 2287 Brione,
1058 2209 1114 2294 qni
1128 2207 1209 2274 dicti
1229 2209 1350 2272 summi

312 2323 482 2412 pontificis
499 2324 607 2392 irater
626 2329 700 2392 erat
715 2329 749 2391 et
762 2326 892 2390 vicinus
912 2341 954 2390 ac'
966 2325 1105 2402 amicus,
1122 2323 1213 2389 illius
1228 2324 1351 2410 prioris
1431 2355 1433 2360 ·

312 2440 459 2536 providit
483 2441 571 2507 dicto
594 2439 730 2507 cenobio
749 2440 901 2508 viduato
929 2442 999 2507 Iste
1028 2440 1153 2526 Symon
1173 2460 1234 2527 per
1252 2459 1349 2506 man-

314 2558 429 2626 datum
450 2556 668 2644 apostolicum
689 2556 754 2624 luit
769 2577 790 2622 a
806 2556 927 2622 domno
944 2555 1061 2622 Gilone
1081 2554 1224 2621 seeundo
1239 2556 1353 2641 ponti-

206 2741 209 2747 ,
275 2685 281 2700 “
313 2674 401 2741 ficali
426 2657 669 2740 benedictione
682 2672 889 2750 benedictus,
913 2664 948 2739 et
967 2673 1196 2739 oiroa'annnm
1219 2671 1350 2737 Domini

313 2793 361 2857 M.
381 2789 445 2856 CC.
467 2790 708 2876 octogesimum
732 2789 875 2856 tercium
898 2790 933 2853 in
960 2787 1050 2855 dicto
1079 2794 1196 2855 nostro
1216 2789 1354 2854 monas-

265 2908 400 2983 noterio
419 2910 572 2992 receptus
589 2905 770 2972 cumomni
791 2900 982 2972 reverentia
1003 2905 1193 2971 ethonore.
1219 2906 1289 2972 Iste
1310 2902 1352 2972 ob

314 3025 451 3089 nimiam
469 3020 631 3087 familiam
648 3040 747 3107 quarn
765 3041 876 3086 secum
896 3018 1049 3098 ducebat,
1066 3026 1195 3106 partem
1212 3023 1351 3106 pecunie

314 3159 412 3225 qnam
433 3121 616 3205 (laufridus
635 3137 738 3203 abbas
757 3138 792 3202 in
812 3137 975 3204 thesauro
992 3138 1176 3224 reliquerat
1199 3144 1233 3205 et
1249 3158 1352 3224 pecu-

313 3257 403 3322 niam
418 3275 517 3341 quam
543 3259 692 3340 tempore
723 3254 911 3321 vacationis
934 3252 974 3318 de
1002 3252 1188 3320 redditibus
1208 3253 1350 3320 ecclesie

314 3374 543 3457 temperanter
564 3369 707 3436 vivendo
725 3372 959 3436 reservaverat
973 3363 1169 3447 conventus,
1190 3369 1349 3456 expendit

312 3493 393 3555 tunc
410 3486 549 3554 credens
565 3487 705 3552 oonsilio
719 3506 787 3552 non
804 3486 962 3553 discreto.
988 3484 1058 3553 Sed*
1070 3504 1188 3573 parum
1203 3491 1280 3573 post
1291 3505 1352 3572 per

214 3675 219 3682 ,
313 3604 558 3670 exortationem
579 3609 762 3670 conventus
790 3607 825 3670 et
849 3601 1025 3668 consilium
1050 3600 1226 3686 bonorum,
1248 3619 1352 3669 causa

313 3718 471 3806 adjutorii
493 3738 604 3784 secum
621 3716 761 3785 fratrem
777 3717 937 3783 Jacobum
954 3716 994 3783 de
1007 3717 1278 3804 Ghampigniaco,
1298 3720 1353 3784 ui-

312 3855 387 3900 rum
408 3834 602 3922 religiosum
623 3838 722 3919 atque
739 3832 951 3916 laudabilem,
972 3832 1159 3911 advocavit,
1183 3839 1217 3900 et
1241 3835 1350 3922 ipsum
1432 3820 1434 3824 ¹

291 3951 449 4019 'abbacie
472 3955 725 4038 procuratorem
757 3951 935 4018 constituit
970 3950 1172 4037 generalem,
1204 3955 1238 4018 et
1270 3955 1351 4018 tuno

344 4211 378 4278 (t)
395 4213 427 4266 Lo
439 4213 524 4266 chidra
535 4213 589 4267 llll⁰
599 4215 635 4262 ast
646 4225 696 4266 una
707 4211 820 4264 addition
834 4223 883 4277 peu
897 4213 1048 4279 posterioura
1063 4203 1096 4262 a'u
1115 4216 1185 4267 tetta.
