3180 5012
660 487 837 555 ..19-

142 613 145 617 ¹
233 633 314 700 Seth
329 631 418 697 filius
434 633 506 718 ejus
521 635 638 719 portas
651 631 806 697 Paradisi
827 631 1002 699 terrestris
1013 629 1097 726 adiit
1112 635 1149 697 ut
1165 630 1273 696 oleum

234 747 463 812 misericordie
483 768 547 832 quo
572 767 692 833 corpus
715 747 823 832 patris
847 751 1050 833 perungeret
1072 747 1272 833 postularet.
1370 833 1372 838 Ι

234 864 293 930 Cui
321 885 487 951 apparens
513 865 653 951 angelus
677 865 725 930 ait
753 885 759 928 :
787 863 864 929 Noli
896 884 996 951 super
1020 843 1083 929 hoc
1104 864 1272 940 laborare,
1383 843 1386 853 ¹

206 980 314 1070 ¹qnia
335 981 527 1069 nullatenus
554 980 687 1064 assequi
718 980 844 1065 poteris
871 980 938 1044 nisi
962 979 1094 1065 quando
1120 979 1275 1066 completi

236 1093 364 1161 fuerint
378 1095 523 1180 quinque
546 1096 640 1160 milia
666 1072 842 1182 quingenti
868 1097 972 1160 anni·
986 1096 1129 1182 Legitur
1145 1115 1224 1160 vero
1241 1095 1276 1159 in

236 1209 400 1294 hystoriis
413 1210 500 1297 apud
520 1210 645 1276 Grecos
659 1210 746 1295 quod
761 1210 901 1296 angelus
916 1210 957 1275 de
968 1210 1059 1296 ligno
1075 1212 1109 1275 in
1124 1230 1187 1295 quo
1200 1229 1278 1296 peo-

99 1407 102 1414 .
238 1327 327 1392 cavit
352 1324 460 1390 Adam
493 1325 599 1391 eidem
620 1325 776 1404 tradidit,
807 1325 921 1391 dicens
945 1325 1032 1411 quod
1050 1325 1182 1412 quando
1205 1326 1280 1390 sru-

241 1447 331 1507 ctum
353 1439 480 1507 faceret
497 1446 595 1528 pater
616 1462 696 1524 suus
716 1446 905 1510 sanaretur.
920 1441 983 1515 Qui
999 1441 1134 1507 rediens
1149 1445 1279 1526 patrem

239 1563 407 1623 mortuum
426 1558 556 1624 invenit
572 1563 606 1624 et
620 1559 729 1644 ipsum
750 1578 881 1624 ramum
899 1579 999 1643 super
1019 1558 1185 1626 tumulum
1209 1557 1281 1623 Ade

240 1676 419 1770 plantavit,
440 1677 495 1760 qui
512 1676 685 1760 plantatus
703 1676 737 1740 in
757 1675 918 1749 ¹arborem
934 1647 1091 1762 magnam
1109 1675 1229 1752 crevit,
1248 1678 1282 1741 et
1296 1688 1333 1752 10

239 1810 342 1875 usque
357 1789 398 1855 ad
414 1794 566 1876 tempora
579 1791 765 1857 Salomonis
777 1789 927 1856 duravit.
941 1791 1065 1857 Postea
1077 1810 1157 1856 vero
1172 1791 1280 1877 ipsam

104 1937 109 1944 ·
240 1905 341 1970 incidi
355 1907 504 1992 precepit
514 1911 549 1972 et
564 1907 599 1970 in
612 1905 709 1971 domo
723 1905 830 1971 saltus
844 1905 969 1985 locari;
988 1925 1158 1990 nunquam
1168 1909 1283 1971 tamen

244 2020 348 2086 locari
389 2024 549 2106 poterat,
582 2019 639 2085 sed
673 2024 732 2087 aut
771 2018 953 2088 excedebat
982 2019 1193 2107 longitudine
1227 2025 1288 2084 aut

242 2134 418 2201 deficiebat
441 2135 546 2200 nimia
573 2136 764 2222 brevitate„
780 2134 828 2201 Ob
855 2135 917 2201 hoc
943 2135 1112 2222 indignati
1137 2133 1284 2201 artifices

244 2252 353 2335 ipsam
372 2271 474 2337 super
490 2250 665 2336 quemdam
687 2251 796 2316 lacum
821 2256 859 2318 ut
878 2257 968 2318 esset
993 2271 1077 2337 pons
1100 2254 1285 2317 transeun-

244 2366 335 2432 tibus
351 2367 576 2453 projecerunt.
594 2367 635 2431 In
655 2367 819 2452 hystoriis
847 2367 1034 2434 scolasticis
1055 2368 1179 2454 legitur
1199 2365 1285 2451 quod
1344 2392 1348 2400 ¹

177 2506 181 2511 ·
244 2481 430 2566 predictum
451 2482 580 2568 lignum
601 2482 720 2567 regina
737 2480 846 2547 Sabba
862 2480 949 2548 vidit
969 2486 1004 2548 et
1024 2481 1191 2559 adoravit,
1209 2482 1288 2547 inti·

245 2615 342 2660 mans
362 2595 532 2662 Salomoni
559 2595 645 2682 quod
668 2597 703 2660 in
730 2596 788 2662 illo
817 2596 909 2683 ligno
940 2597 1074 2683 quidam
1108 2595 1287 2682 suspende·

246 2716 341 2778 retur
372 2712 557 2797 per-cujus
583 2716 725 2778 mortem
754 2712 936 2778 Judeorum
969 2733 1109 2799 regnum
1146 2712 1288 2778 debebat

246 2825 362 2891 deleri.
383 2827 425 2892 Et
443 2830 525 2892 tunc
548 2826 705 2892 Salomon
723 2828 758 2892 in
787 2826 963 2914 profundis
987 2833 1079 2894 terre
1104 2821 1342 2904 visceribusoo·

246 2942 328 3007 illud
359 2942 513 3029 demergi·
531 2942 623 3010 iecit.
654 2944 778 3010 Postea
805 2942 979 3029 probatica
1011 2943 1140 3030 piscina
1164 2943 1287 3010 ibidem
1367 2931 1368 2934 ¹

247 3057 339 3124 facta
359 3061 423 3123 est.
446 3059 488 3123 Et
511 3056 635 3125 dicitur
654 3057 740 3144 quod
766 3078 835 3124 non
859 3059 966 3130 solum
986 3058 1148 3125 descensu
1177 3060 1288 3146 angeli

249 3172 306 3238 sed
325 3160 428 3239 etiarn
443 3194 486 3238 ex
500 3175 626 3240 virtute
641 3175 747 3259 ipsius
763 3175 847 3260 ligni
873 3175 918 3240 ibi
934 3174 1007 3240 fieri
1032 3177 1289 3242 commotionem

247 3309 333 3374 aque
349 3293 383 3356 et
404 3291 613 3358 curationem
634 3273 856 3376 infirmorum.
886 3292 1185 3377 Appropinquante
1210 3311 1289 3358 vero

249 3405 404 3490 passione
421 3405 559 3486 Christi,
579 3403 766 3492 predictum
787 3407 915 3493 lignum
934 3411 1192 3492 superenatasse
1205 3405 1291 3471 dici-

249 3526 319 3598 tur,
343 3527 378 3587 et
403 3542 477 3586 oum
492 3506 590 3586 iudei
608 3522 784 3600 vidissent,
804 3523 1102 3610 acceperunt'illud
1118 3527 1152 3588 et
1175 3542 1217 3586 ex
1231 3522 1290 3587 illo

253 3654 383 3701 crucem
405 3637 545 3702 Domino
574 3643 792 3723 paraverunt.
832 3637 948 3716 Unde,
981 3637 1163 3704 secundum
1193 3639 1289 3702 Mar-

243 3752 363 3830 ·chum,
388 3753 530 3838 Pylatus
559 3752 701 3820 tradidit
731 3754 871 3819 Jhesum
900 3753 1016 3820 Judeis
1050 3758 1088 3820 ut
1113 3752 1290 3838 crucifige-

251 3872 358 3946 retur,
377 3872 412 3933 et
432 3869 684 3936 crucifixerunt.
706 3870 828 3935 Jhesus
842 3871 954 3937 emisit
976 3871 1143 3955 spiritum.
1166 3870 1289 3956 Joseph

252 3982 293 4048 ab
324 3985 518 4052 Arimathia
554 3992 587 4052 et
613 3986 841 4064 Nichodemus
879 3987 1083 4073 sepelierunt
1111 3985 1216 4051 illum.
1252 3987 1290 4050 In
1303 3975 1342 4040 30

254 4099 368 4166 eodem
381 4121 465 4169 vero.
483 4102 556 4168 loco
572 4123 654 4168 crux
675 4103 805 4170 Domini
828 4103 1040 4190 postmodum
1062 4103 1201 4172 inventa
1228 4102 1293 4169 fuit
