3164 5016
738 491 935 560 ..106-

321 635 363 702 ad
376 634 634 724 crucifigendum
647 640 744 703 sexta
760 635 857 716 feria,
872 638 961 702 inea
976 655 1011 702 se
1026 635 1217 704 abstinebat
1233 638 1354 724 magis,

320 756 354 819 et
371 771 486 818 omnes
501 752 679 820 christiani
699 752 814 819 fideles
833 751 974 820 tradunt
996 772 1115 839 eorpus
1133 772 1229 818 sunm
1244 752 1287 820 ad
1302 753 1357 839 je-

315 867 514 956 junandum.
531 870 570 934 In
592 870 749 956 primum,
769 889 904 935 earnem
921 888 987 935 non
1013 868 1168 944 eomedit,
1195 869 1273 954 quia
1290 871 1358 934 Do·

321 985 432 1050 minus
444 989 562 1052 noster
576 985 736 1072 dignatus
751 990 805 1053 est
816 1005 950 1052 earnem
966 987 1115 1072 eorporis
1131 987 1182 1051 sui
1200 985 1354 1066 tredere;

321 1106 355 1168 et
374 1101 488 1166 uinum
506 1121 573 1167 non
590 1101 684 1180 bibit,
701 1103 779 1188 quia
794 1103 828 1166 in
844 1103 918 1188 ipsa
936 1100 990 1167 die
1009 1101 1051 1166 do
1070 1101 1198 1168 Christi
1219 1122 1357 1188 corporo

321 1217 459 1302 sanguis
474 1217 600 1296 exivit;
627 1237 714 1304 aqua
729 1215 847 1283 faciem
876 1237 969 1282 suam
992 1237 1059 1283 non
1084 1217 1168 1284 lavit
1193 1219 1272 1303 quia
1291 1237 1357 1283 una

320 1351 394 1398 eum
416 1333 579 1419 sanguine
602 1332 643 1399 de
665 1352 802 1420 corpore
820 1332 947 1400 Christi
970 1352 1057 1418 aqua
1080 1333 1196 1400 exivit.
1219 1333 1356 1400 Nullum

320 1467 403 1534 opus
422 1447 569 1516 faciebat
588 1449 624 1514 in
645 1469 697 1527 ea,
729 1450 807 1534 quia
830 1447 901 1516 dios
918 1448 1109 1517 dimittendi
1132 1454 1270 1536 peecata
1292 1451 1357 1516 ho·

319 1565 447 1632 minum
463 1571 548 1634 erat.

274 1691 310 1756 10
362 1684 395 1760 li.
423 1681 625 1752 Diffusaest.
937 1776 939 1782 s

363 1802 468 1868 Lectio
482 1802 528 1867 Ha
546 1799 604 1888 (l).
624 1799 707 1868 Cum
728 1805 839 1869 autem
865 1805 956 1870 esset
979 1799 1078 1868 beata
1103 1800 1237 1867 Venere
1258 1822 1356 1889 super

320 1917 439 1983 solium
455 1919 564 2004 patris
581 1919 646 1996 sui,
662 1919 696 1984 in
715 1939 839 1986 aurora
858 1917 946 1984 radii
967 1917 1061 1996 solis,
1087 1921 1224 2004 pectens
1247 1918 1358 1983 orines

319 2034 440 2121 eapitis
461 2037 525 2114 sui,
544 2034 629 2102 dixit
650 2034 692 2100 ad
710 2034 855 2122 puellam
875 2055 938 2121 que
954 2039 1029 2103 erat
1048 2055 1121 2100 cum
1138 2053 1195 2100 ea:
1218 2033 1303 2100 uado
1323 2037 1358 2102 et

320 2147 403 2215 affer
425 2150 507 2214 mihi
531 2150 714 2238 sinigmata
734 2155 769 2218 et
793 2154 1019 2237 unguentum,
1046 2153 1084 2216 ut
1110 2169 1235 2237 ungam
1257 2155 1357 2237 caput

259 2277 262 2285 '
319 2286 441 2332 meum.
471 2265 553 2331 Cum
574 2241 687 2333 autem
714 2267 781 2334 iret
807 2266 931 2352 puella,
963 2267 1127 2334 remansit
1159 2266 1230 2332 sola
1258 2265 1358 2334 beata

319 2381 465 2454 Veners,
482 2382 516 2444 et
530 2398 606 2444 eooe
621 2377 662 2443 de
681 2378 789 2444 medio
810 2377 891 2444 solis
911 2376 998 2442 radii
1023 2378 1129 2444 exivit
1140 2399 1206 2444 vox
1220 2378 1355 2445 dicens:

319 2495 479 2560 Dominus
501 2498 624 2570 teeum,
649 2494 773 2580 puella,
799 2514 862 2580 que
887 2491 982 2560 sedes
999 2493 1034 2557 in
1050 2513 1174 2559 aurora
1193 2493 1258 2560 diei
1277 2514 1357 2582 gra·

318 2611 413 2676 diens
441 2613 517 2676 tuos
541 2610 651 2676 crines
674 2607 731 2698 (2).
764 2611 870 2678 Beata
903 2610 1051 2688 Venena,
1087 2631 1161 2676 oum
1191 2611 1354 2689 audisset,

318 2728 454 2814 expavit
475 2731 509 2794 et
528 2727 598 2794 ait:
624 2727 705 2802 Quis
730 2748 766 2792 es
792 2727 907 2814 tuqui
932 2747 1062 2793 meeum
1090 2727 1236 2813 loqueris
1260 2733 1295 2796 et
1322 2733 1357 2796 te

268 2856 385 2921 eonon
407 2841 527 2908 uideo?
556 2842 615 2910 Ait
644 2842 715 2909 illi:
744 2843 814 2930 Ego
836 2862 921 2922 sum,
942 2843 1106 2930 Raphael,
1129 2845 1185 2929 qni
1208 2843 1356 2911 traditus

318 2978 391 3025 sum
407 2957 470 3026 tibi
495 2963 621 3035 eustos,
640 2962 679 3025 ut
703 2956 889 3026 custodiam
914 2961 950 3025 te
975 2956 1129 3023 omnibus
1151 2955 1267 3022 diebus
1287 2957 1356 3023 vite

317 3080 385 3143 tue.
409 3074 453 3139 Et
470 3094 544 3140 oum
556 3073 619 3139 hee
632 3073 771 3152 diceret,
788 3072 914 3142 fantum
926 3077 979 3140 est
990 3072 1032 3139 de
1046 3072 1156 3139 medio
1173 3072 1261 3140 redii
1276 3071 1357 3139 solis

318 3189 412 3272 quasi
428 3187 521 3256 tutor
539 3189 628 3276 ignis
649 3189 787 3256 radians
807 3209 907 3276 super
921 3186 1027 3276 capud
1050 3189 1135 3277 ejus,
1156 3189 1205 3255 ita
1223 3192 1262 3256 ut
1283 3191 1357 3256 tota

318 3308 554 3371 contremeret.
580 3305 673 3372 Dixit
692 3310 803 3372 autem
827 3304 927 3372 beata
948 3305 1085 3372 Veners
1110 3303 1152 3371 ad
1173 3303 1355 3391 angelum:

319 3418 448 3486 Recede
467 3440 487 3485 a
506 3440 559 3486 me
578 3420 750 3507 paululum
771 3421 850 3506 quia
872 3441 939 3486 non
956 3441 1092 3507 possum
1120 3420 1209 3505 loqui
1232 3424 1355 3486 tecum.

319 3535 380 3601 Cui
411 3536 550 3623 angelus
580 3539 659 3604 ait:
701 3537 779 3604 Noli
815 3538 953 3615 timore,
993 3538 1072 3622 quia
1100 3538 1162 3602 heo
1200 3538 1358 3623 angustia

317 3670 475 3739 magnum
495 3653 556 3720 tibi
585 3653 742 3741 gaudium
767 3655 846 3732 erit,
873 3655 936 3720 hoo
957 3659 1010 3720 est
1043 3653 1190 3740 Spiritus
1215 3652 1362 3721 Sanctus

319 3769 422 3853 quiin
440 3772 475 3834 te
496 3768 700 3837 dominatur.
723 3771 801 3837 Noli
820 3770 963 3857 amplius
984 3769 1113 3847 sedere,
1139 3767 1196 3834 sed
1215 3767 1299 3834 vade
1322 3771 1357 3834 in

318 3884 410 3949 vioos
442 3889 477 3951 et
507 3885 676 3964 civitates,
706 3892 740 3954 et
770 3885 906 3974 predioa
938 3904 1059 3950 nomen
1092 3884 1225 3950 Domini
1253 3885 1357 3950 Jhesu

346 4067 381 4132 (it
398 4073 435 4119 En
447 4085 547 4133 margo:
560 4075 644 4121 Lectio
658 4075 732 4122 nna,

352 4159 387 4226 (2)
403 4163 440 4212 En
451 4176 551 4228 margo:
569 4166 652 4216 Lectio
666 4165 709 4212 vo.
