3180 5012
626 547 830 620 ·-13-

228 689 377 760 salutare
391 696 486 761 tuum
501 691 545 759 da
564 694 671 760 nobis.
689 695 797 761 Item:
828 694 966 761 Domine
987 695 1075 762 Deus
1097 694 1263 764 virtutum

226 813 384 875 converte
396 829 475 890 nos;
493 809 632 876 ostende
648 809 766 876 faciem
778 815 871 876 tuam
885 816 919 876 et
929 810 1014 876 salvi
1030 812 1167 876 erimus.
1187 812 1264 876 Ma-

225 921 366 988 lachiel:
385 925 469 991 Ecce
491 926 605 991 veniet
625 919 668 991 ad
683 925 843 1012 templum
865 930 1018 992 sanctum
1039 947 1135 992 suum
1155 925 1265 992 domi-

225 1044 326 1105 nator
349 1020 447 1125 quein
465 1063 525 1110 vos
550 1039 595 1128 (l)
617 1043 771 1126 queritis.
791 1042 835 1108 Et
862 1043 936 1128 quis
964 1044 1089 1128 poterit
1114 1043 1264 1130 cogitare

226 1153 312 1219 diem
328 1154 493 1223 adventus
505 1157 577 1242 ejus
590 1161 624 1222 et
640 1158 714 1242 quis
730 1156 835 1223 stabit
854 1157 896 1222 ad
918 1157 1098 1224 videndum
1112 1178 1200 1224 eum.
1220 1158 1264 1223 Et
1371 1203 1374 1214 ι

227 1271 329 1336 alibi:
354 1272 471 1349 Putas,
495 1271 635 1347 videbo;
667 1277 778 1359 putas,
808 1272 957 1362 durab03
974 1279 1084 1360 putas,
1112 1275 1265 1340 inveniat

226 1385 346 1450 hicme
363 1386 423 1451 iiia
435 1369 608 1454 nativitas.
625 1387 695 1453 Hec
711 1389 873 1455 nativitas
895 1388 1027 1455 Domini
1042 1410 1101 1476 per
1116 1390 1264 1477 prophe-

226 1505 279 1566 tas
293 1501 444 1587 predicta
464 1501 529 1569 fuit
551 1508 663 1589 etper
689 1504 844 1590 angelum
874 1506 1046 1571 nunciata.
1070 1505 1262 1591 Congruum
1328 1532 1331 1540 ·

225 1618 313 1681 enim
336 1617 401 1685 fuit
423 1624 461 1686 ut
481 1621 748 1687 incarnationem
768 1620 829 1685 dlii
850 1621 910 1686 Dei
935 1619 1131 1707 precederet
1157 1640 1265 1706 ange-

226 1730 291 1796 lica
306 1735 525 1800 annunciatio
537 1741 571 1801 et
590 1736 705 1802 divina
718 1736 917 1802 vaticinatio
930 1736 1180 1823 prophetarum.
1278 1743 1313 1807 10

329 1983 373 2030 DE
393 1983 672 2033 ANNUNolaulons
695 1985 739 2031 ΕΤ
759 1982 1014 2034 INOARNATIONE
1038 1983 1160 2033 DOMINI

270 2199 352 2264 Cum
372 2200 478 2285 igitur
496 2161 593 2286 virgo
613 2201 724 2266 Maria
739 2220 759 2266 a
777 2199 883 2266 tercio
908 2218 997 2264 anno
1013 2199 1115 2265 etatis
1132 2218 1190 2263 sue
1205 2219 1265 2264 us·

228 2333 290 2398 que
323 2314 364 2379 ad
396 2320 551 2399 quartum
589 2314 752 2381 decimum
779 2315 846 2392 vel,
883 2313 1063 2380 secundum
1088 2313 1263 2400 quosdam,

226 2449 329 2514 usque
350 2429 392 2495 ad
410 2429 639 2496 duodecimum
667 2429 848 2515 intemplo
876 2449 949 2494 oum
976 2429 1053 2494 aliis
1075 2429 1264 2516 virginibus
1315 2473 1319 2488 .

226 2543 410 2618 extitisset,
435 2543 646 2629 eamJoseph
665 2542 894 2629 desponsavit,
917 2543 1058 2607 Domino
1077 2542 1261 2618 revelante,

225 2657 303 2722 etin
318 2657 490 2723 Bethleem
501 2657 590 2722 uude
599 2656 761 2750 oriundus
771 2661 846 2722 erat
858 2657 921 2722 ivit
930 2657 1121 2722 necessaria
1136 2656 1264 2741 nuptiis

224 2773 434 2857 provisurus.
455 2773 559 2850 Tunc,
587 2771 768 2838 secundum
795 2773 933 2849 Lucam,
960 2772 1083 2836 missus
1111 2776 1163 2836 est
1194 2770 1265 2836 Ga-

224 2886 310 2951 briel
327 2887 466 2972 angelus
483 2888 585 2953 aDeo
605 2885 646 2952 ad
671 2886 814 2952 Mariam
828 2887 1007 2972 virginem,
1025 2890 1071 2963 et,
1088 2886 1263 2971 ingressus

226 3001 267 3066 ad
288 2982 374 3078 eam,
394 3001 503 3068 dixit:
522 3003 593 3068 Ave
607 3002 721 3088 gratia
739 3001 857 3086 pleua;
881 3001 1042 3066 Dominus
1062 3004 1185 3078 tecum,
1204 3000 1264 3064 be·

226 3117 408 3184 nedictatu
426 3120 459 3181 in
479 3118 687 3183 mulieribus.
711 3117 794 3194 Que,
817 3136 891 3181 cum
907 3115 1069 3197 audisset,
1092 3116 1264 3202 cogitabat
1274 3123 1312 3186 20

130 3252 134 3256 ·
226 3234 334 3318 qualis
359 3241 448 3301 esset
463 3235 635 3300 salutatio.
655 3234 698 3300 Et
719 3235 768 3298 ait
787 3233 927 3319 augelus
945 3212 953 3298 :'
970 3234 1021 3298 Ne
1038 3233 1170 3310 timeas,
1188 3233 1265 3298 Ma-

226 3350 288 3426 ria,
323 3350 483 3415 invenisti
507 3350 653 3435 gratiam
678 3348 765 3435 apud
793 3349 920 3426 Deum;
944 3367 1019 3413 ecce
1041 3349 1206 3434 concipies
1231 3351 1266 3413 et

227 3465 337 3550 paries
357 3463 464 3528 filium
483 3469 516 3531 et
531 3463 667 3530 vocabis
682 3482 802 3529 nomon
817 3463 889 3548 ejus
903 3463 1054 3527 Jhesum.
1072 3463 1166 3529 Dixit
1193 3464 1265 3528 Ma·

210 3582 299 3666 ria:
320 3579 489 3654 Quomodo
506 3579 565 3646 fiet
580 3578 671 3646 istud
691 3579 847 3664 quoniam
868 3579 977 3645 virum
998 3555 1065 3644 nou
1085 3595 1262 3664 cognosco.

228 3697 321 3762 Dixit
337 3697 366 3761 ei
388 3696 528 3782 augelus
545 3717 552 3761 ε
571 3696 716 3781 Spiritus
732 3694 875 3761 Sanctus
897 3695 1110 3780 superveniet
1126 3693 1211 3758 inte
1231 3695 1265 3757 et

225 3811 334 3876 virtus
350 3811 519 3876 Altissimi
535 3809 746 3876 obumbrabit
765 3808 838 3875 tibi.
867 3809 1010 3894 Ideoque
1032 3808 1119 3894 quod
1144 3813 1266 3873 nasce-

228 3930 286 3992 tur
308 3947 352 3992 ex
369 3931 403 3992 te
422 3926 598 3993 vocabitur
611 3925 701 3991 filius
714 3926 788 4002 Dei.¹
804 3925 863 3990 Ait
887 3925 1016 3990 Maria:
1041 3924 1126 3989 Ecce
1142 3923 1266 3990 ancilla

260 4165 293 4228 (t)
311 4166 343 4214 Le
358 4169 409 4214 mot
423 4177 467 4214 vos
481 4179 496 4214 a
508 4167 545 4214 ete
558 4167 640 4226 ajoute
653 4165 715 4214 daus
732 4163 890 4224 l'interligno.
