3180 5012
614 467 837 557 'mlv-

510 686 554 734 DE
578 685 705 735 SANCTO
729 684 978 734 BARTHOLOMEO

272 899 415 965 Sanetus
446 896 703 963 Bartholomeus
735 896 822 982 apud
851 895 999 962 Yndiam
1022 895 1266 982 Euvangelium

227 1013 413 1101 predioavit
425 1007 460 1079 et
473 1010 556 1076 inibi
568 1009 633 1076 fuit
645 1001 812 1098 martyrio
821 1014 1014 1079 coronatus.
1030 1011 1131 1098 Cujus
1145 1030 1265 1097 eorpus

228 1128 270 1194 ad
290 1127 435 1193 insulam
447 1125 594 1212 Lyparis
608 1125 717 1211 primo
732 1144 772 1191 ao
784 1125 904 1192 deinde
921 1145 1009 1194 anno
1028 1126 1160 1192 Domini
1173 1125 1265 1194 000ο

228 1243 360 1308 XXXI⁰
377 1241 421 1308 ad
437 1233 664 1309 Beneventum
683 1242 889 1310 translatum
915 1243 971 1329 pie
990 1241 1209 1310 veneratione
1224 1240 1267 1309 fl-

231 1357 354 1424 delium
373 1359 568 1457 veneratur.

296 1597 339 1646 DE
363 1597 490 1648 SANGTO
513 1598 654 1647 ΜΑΤΗΕΟ
678 1597 848 1648 Aposuono
873 1591 919 1648 En
945 1599 1202 1650 Euvamdnmsna
1231 1623 1232 1626 =
1306 1637 1308 1640 .

273 1813 417 1880 Sanetus
432 1812 590 1878 Matheus
606 1811 778 1897 apostolus
798 1814 832 1878 et
847 1812 1080 1898 euvangeliste
1095 1832 1116 1878 a
1132 1796 1268 1880 Christo
1393 1859 1398 1864 -
1423 1795 1428 1806 ¹

231 1933 370 1996 vocatus
399 1919 478 1993 mox
509 1927 705 1994 theloneum
737 1927 886 2013 reliquit.
926 1929 1009 1994 Post
1039 1927 1269 1995 assensionem

231 2043 364 2110 Domini
386 2041 578 2129 Ethiopiam
598 2041 777 2109 veritatem
800 2041 978 2129 predicans
999 2042 1110 2130 gladio
1137 2046 1269 2130 marty·
1282 2049 1319 2112 10

231 2157 318 2223 rium
339 2177 460 2242 passus
477 2155 542 2224 fuit
559 2169 599 2222 ae
619 2155 742 2222 ibidem
762 2155 945 2224 honorifice
970 2157 1169 2225 tumulatus.
1187 2157 1270 2244 Ejus

232 2273 466 2360 euvangelium
477 2283 578 2338 'anno
598 2273 731 2340 Domini
749 2271 894 2340 00000ο
912 2272 1000 2358 quod
1027 2274 1098 2339 suis
1114 2272 1268 2339 manibus

230 2389 412 2474 scripserat
423 2387 548 2455 hebreo
568 2408 734 2467 sermone,
752 2389 826 2475 ipso
843 2387 1030 2467 revelante,
1042 2391 1194 2475 tempore
1207 2389 1273 2454 Ze*

231 2502 328 2568 nonis
354 2502 569 2588 imperatoris
605 2503 778 2570 inventum
811 2501 876 2569 fuit
906 2522 982 2570 eum
1015 2503 1147 2570 ossibus
1178 2504 1266 2570 beat'

232 2618 397 2684 Barnabe.
419 2617 512 2694 Quod
536 2618 668 2705 quidem
690 2620 923 2706 euvangelium
941 2623 1079 2688 sanetus
1095 2617 1269 2686 Barnabas

231 2731 309 2797 dum
334 2732 470 2800 vivebat
496 2751 608 2800 seeum
636 2715 749 2800 ferens
776 2738 811 2800 et
836 2753 936 2821 super
959 2733 1110 2800 infirmos
1140 2753 1267 2820 ponens

127 2835 132 2844 '
231 2865 346 2913 omnes
373 2851 444 2916 tam
471 2846 537 2914 fide
570 2849 693 2916 saneti·
706 2847 861 2938 Barnabe
881 2868 980 2935 quam
1006 2849 1126 2917 merito
1158 2849 1268 2918 saneti

231 2963 360 3030 Mathai
376 2963 418 3030 ab
438 2963 692 3032 infirmitatibus
712 2963 889 3033 liberabat·

487 3187 530 3234 DE
553 3186 690 3236 SANCTIS
710 3187 844 3237 sYMONn
866 3188 910 3235 ΕΤ
932 3187 1018 3236 JUDA

277 3401 419 3467 Sanetus
439 3399 565 3484 Symon
590 3397 767 3464 Cananeus
788 3403 822 3467 et
837 3403 975 3467 sanetus
991 3400 1009 3465 J
1013 3399 1096 3466 udas
1108 3399 1266 3467 Thedeus
1280 3423 1319 3489 20

106 3515 110 3521 '
235 3516 358 3583 fratres
386 3514 541 3608 luerunt·
560 3515 669 3581 saneti
700 3515 816 3580 Jacobi
841 3516 982 3620 minoris
1011 3520 1047 3582 et
1071 3515 1270 3583 filiirMarie

234 3629 389 3717 Cleophe.
404 3630 456 3695 Ex
471 3619 590 3715 quibus
605 3629 710 3696 ludas
726 3628 881 3695 Thadeus
893 3629 981 3716 apud
995 3631 1270 3717 Mesopotamiam

233 3745 412 3810 veritatem
427 3743 550 3810 docuit.
574 3745 699 3831 Symon
715 3764 796 3812 vero
813 3746 848 3810 in
869 3747 1002 3833 Egypto
1022 3746 1121 3814 fldem
1138 3749 1271 3813 Domini

234 3858 431 3944 predicavit.
447 3859 572 3926 Postea
589 3859 624 3924 in
641 3858 782 3924 Persida
796 3862 946 3946 gentium
963 3861 1212 3930 multitudinem
1227 3862 1270 3930 ad

235 3975 410 4040 Dominum
431 3978 670 4042 converterunt
692 3979 726 4042 et
750 3975 832 4041 inibi
855 3979 1058 4063 martyrium
1076 3991 1270 4047 consumma

234 4095 368 4159 verunt.
