3164 5016
675 507 875 576 -103-

379 774 507 823 rucrrrr
529 774 690 823 orrrcrurn
709 774 780 822 cun
801 773 958 824 cucuron
973 773 1171 823 rneruunuu

256 893 293 940 m
311 891 534 940 assummum
550 891 683 940 suroru-
694 891 829 940 rnunen
844 890 996 940 vracnus
1013 891 1056 938 ur
1069 891 1234 940 unarmrs
1244 873 1291 959 (l)

301 1105 342 1170 In
360 1107 493 1188 cipitia,
511 1105 557 1170 od
570 1105 732 1188 Vespeiue,
758 1107 958 1188 capitulum.
976 1104 1044 1180 Qui
1055 1103 1232 1192 gloriatur.

254 1250 524 1334 Responcorc‘um.
540 1248 571 1314 Α
591 1248 659 1315 Deo
673 1246 881 1335 parentibus

542 1363 609 1430 Pro
623 1362 716 1450 prole
732 1363 959 1450 precantibus,

540 1471 697 1558 Venere,
712 1479 917 1548 conceditur.

539 1595 619 1662 Ideo
640 1597 863 1682 procamium,

541 1709 675 1777 Prolem
692 1730 758 1778 non
773 1710 985 1790 hebencium,

538 1826 699 1914 Adjutrix
715 1827 915 1895 dinoscitur.

259 1946 380 2012 Versus.
404 1944 487 2010 Dum
507 1948 622 2012 tamen
643 1965 718 2011 oum
744 1945 809 2012 fide
835 1948 988 2032 queritur
1013 1948 1238 2034 precancium.
1304 1941 1340 2004 10

255 2062 421 2147 Hymnus.
543 2061 707 2129 Fidelium
724 2060 860 2128 devocio
1325 2041 1329 2048 ¹

536 2176 689 2244 Celebret
704 2196 764 2263 pro
779 2177 938 2244 martirio

537 2295 660 2363 Sancte
672 2295 815 2383 virginis
829 2296 975 2374 Venere,

537 2412 606 2489 Que
621 2431 709 2478 nunc
721 2411 845 2500 gaudet
860 2413 894 2478 in
913 2414 1040 2482 ethere.

533 2527 694 2616 Adjutrix·
708 2527 748 2596 fit
764 2529 973 2615 precantium

534 2645 668 2712 Prolem
688 2643 962 2712 desiderantium.

533 2825 620 2893 Nam
635 2823 717 2892 data
731 2830 784 2896 est
797 2825 1005 2912 parentibus,

533 2940 601 3006 Pro
618 2939 713 3028 prole
732 2938 1002 3028 deprecantibus.

531 3057 648 3136 Jhesu,
668 3075 792 3124 corone
809 3058 992 3146 virginum,

532 3173 594 3248 Qui
610 3157 711 3241 natus
727 3193 763 3239 es
784 3172 825 3240 de
841 3173 988 3261 virgine,

532 3289 669 3376 Semper
688 3309 755 3356 non
775 3289 903 3356 habens
922 3288 1115 3368 terminum,

534 3404 650 3472 Gloria
667 3406 729 3474 tibi
746 3407 896 3474 Domine.
914 3407 1033 3474 Arnen.

253 3522 379 3588 Versus.
401 3521 583 3610 Adjuvabit
605 3543 691 3588 eam.

243 3641 438 3724 Antiphone
453 3640 497 3704 od
515 3635 716 3722 Mcpnc'ficut.

530 3753 667 3839 Semper
681 3753 841 3820 Dominus
860 3755 1007 3821 omnium

272 3987 308 4053 (i)
323 3989 418 4038 L'oidca
440 3991 471 4039 de
488 3991 674 4040 Salute-vendre
691 4006 705 4040 a
729 3993 766 4040 die
784 3993 896 4041 manserit
912 3992 925 4040 d
943 3993 967 4042 la
989 3994 1069 4042 meme
1085 3997 1180 4056 epoquc
1193 4009 1242 4056 quc
1257 3998 1281 4045 lo

241 4081 302 4127 reste
316 4079 351 4127 du
363 4080 508 4142 manuscrit,
522 4081 677 4132 c'estd-dire
699 4083 715 4132 'a
730 4083 755 4132 la
769 4083 804 4132 flu
817 4084 850 4134 du
866 4092 921 4136 1111·
934 4085 1016 4152 siecle,
1034 4087 1098 4137 mais
1108 4100 1153 4153 par
1165 4101 1199 4138 uu
1211 4093 1280 4142 autre

242 4169 329 4218 scribe.
345 4168 386 4219 Get
399 4168 470 4219 office
478 4173 515 4222 est
527 4174 590 4224 note.
