3164 5016
757 505 956 572 -112-

341 650 374 710 te
388 647 422 711 in
437 646 565 732 palacio
575 667 665 726 meo,
679 653 713 715 et
725 647 824 716 beata
840 649 906 715 eris
919 649 1189 715 intermulieres.
1201 649 1262 716 Oui
1279 651 1375 738 virgo

342 762 535 848 respondit:
555 764 660 830 Putas
676 765 754 850 quia
774 763 849 830 sine
869 765 945 831 viro
958 766 1033 842 sim,
1052 764 1193 851 eoquod
1213 764 1308 831 vides
1321 785 1373 832 me

343 878 447 944 solam
471 898 583 945 coram
599 885 647 958 te,
671 881 750 946 Dico
764 881 848 947 tibi:
871 881 949 947 Sola
968 900 1035 946 non
1053 901 1138 960 sum,
1159 880 1216 946 sed
1233 881 1376 949 tradidit

342 1013 394 1058 me
406 995 458 1060 vir
473 1015 565 1060 meus
578 997 636 1059 uni
649 995 688 1061 de
703 996 864 1062 militibus
878 997 960 1074 suis,
973 1001 1011 1062 ut
1022 1017 1074 1061 me
1087 996 1266 1064 custodiat.
1283 997 1376 1064 Dixit

342 1110 373 1174 ei
396 1130 479 1176 rex:
503 1110 565 1177 Ubi
586 1116 638 1178 est
663 1113 716 1176 vir
736 1117 814 1178 tuus
835 1116 894 1178 aut
920 1112 976 1177 ille
997 1113 1053 1198 qui
1077 1117 1111 1180 te
1139 1113 1310 1180 custoditi
1331 1114 1376 1180 Ut

342 1225 420 1310 quid
435 1231 469 1292 te
486 1227 590 1294 solam
615 1227 815 1295 dimiserunt
834 1227 847 1293 i
874 1229 967 1295 Dixit
986 1229 1104 1314 virgo:
1127 1228 1190 1295 Vir
1209 1233 1314 1308 meus,
1336 1229 1376 1294 de

343 1362 406 1428 quo
420 1343 623 1431 interrogas,
641 1345 735 1412 sedet
754 1346 789 1411 in
809 1344 891 1411 solio
910 1346 1017 1430 patris
1038 1344 1161 1411 alciora
1182 1345 1373 1424 stellarum;

342 1465 375 1536 et
396 1461 591 1544 circaeam,
622 1466 715 1530 stant
739 1462 829 1528 mille
850 1462 956 1527 millia
983 1462 1190 1547 angelorum,
1212 1467 1246 1528 et
1261 1482 1375 1528 omnes

344 1580 423 1643 sunt
443 1577 584 1644 accincti
607 1577 700 1644 zonis
719 1579 831 1645 aureis
855 1583 890 1646 et
913 1581 1032 1644 tenent
1049 1577 1164 1655 falces,
1190 1582 1227 1644 ut
1244 1582 1377 1644 seccent

296 1688 333 1752 10
343 1711 404 1758 vos
429 1711 489 1778 per
517 1692 673 1759 medium.
692 1694 736 1761 Et
757 1694 816 1759 alii
837 1698 917 1761 sunt
934 1694 1124 1781 plusquam
1148 1692 1238 1758 mille
1256 1693 1374 1771 millia,

344 1811 400 1895 qui
421 1811 638 1899 interpellant
665 1830 725 1900 pro
753 1809 849 1877 nobis
881 1810 1052 1877 dicentes:
1085 1812 1195 1887 Nunc,
1223 1810 1373 1886 Domine,

344 1924 478 1993 dimitte
495 1927 563 1992 illis
587 1926 752 1994 modicum
767 1930 913 2014 tempus,
936 1931 972 1994 et
991 1927 1019 1991 si
1036 1945 1103 1992 non
1118 1926 1257 1992 credunt
1282 1927 1317 1990 in
1343 1929 1378 1992 te

344 2043 378 2107 in
386 2040 544 2128 prefinito
557 2046 718 2130 tempore,
735 2041 924 2108 occidamus
935 2045 970 2109 et
981 2043 1155 2109 mittamus
1171 2042 1204 2106 in
1220 2041 1377 2109 tenebras

344 2159 529 2226 exteriores
543 2181 550 2238 ;
572 2158 618 2225 ibi
632 2159 698 2226 erit
712 2157 811 2226 fletus
830 2163 865 2226 et
878 2158 1005 2226 stridor
1019 2157 1185 2224 dencinm.
1206 2157 1287 2224 Cum
1302 2159 1379 2225 teti·

343 2294 424 2362 gero
444 2276 553 2342 virum
580 2295 689 2341 meum
720 2274 845 2340 munda
874 2294 963 2352 sum,
998 2293 1073 2339 oum
1106 2292 1263 2340 amavero
1283 2277 1380 2346 oasta'

344 2412 429 2470 sum,
450 2411 523 2457 oum
541 2410 699 2478 accepero
716 2393 812 2478 virgo
829 2411 914 2469 sum,
932 2395 967 2458 et
980 2391 1093 2476 posuit
1117 2391 1248 2478 signum
1269 2392 1304 2456 in
1325 2389 1376 2457 la·

345 2509 427 2573 ciem
446 2527 566 2585 meam,
589 2513 628 2574 ut
645 2508 772 2574 nullum
790 2511 903 2593 preter
920 2526 995 2572 eum
1007 2511 1192 2574 amatorem
1209 2507 1374 2583 amittam,

344 2630 379 2691 et
398 2623 539 2691 tradidit
563 2622 700 2689 auribus
720 2623 804 2689 meis
829 2621 1072 2688 inestimabiles
1092 2623 1308 2709 margaritas.
1342 2621 1377 2689 Si

306 2826 307 2832 ἵ
344 2741 420 2807 νοΙο
434 2745 527 2808 tuam
543 2740 692 2826 accipere
708 2759 866 2806 coronam
881 2743 915 2806 et
934 2737 1105 2806 dimittere
1125 2738 1374 2825 sempiternam,

296 2871 412 2934 annon
434 2857 550 2924 veniat
574 2858 644 2924 ista
669 2875 794 2922 corona
811 2861 871 2923 tua
887 2875 987 2942 super
999 2874 1065 2934 me,
1080 2853 1137 2920 sed
1153 2855 1378 2922 anathemati-

345 2975 509 3041 zationem
529 2972 653 3039 habeat
672 2991 797 3039 corona
820 2976 881 3039 tna
899 2975 934 3039 et
960 2971 1136 3058 imperium
1157 2972 1192 3036 et
1211 2970 1375 3056 palacium

343 3097 438 3159 tuum
455 3094 489 3156 et
499 3109 613 3156 omnes
625 3089 855 3176 possessiones
867 3093 937 3166 tue,
950 3089 1028 3174 quia
1038 3086 1143 3153 nichil
1157 3090 1247 3154 recte
1263 3087 1375 3174 egisti,

346 3208 403 3274 sed
423 3207 547 3294 injuste
562 3207 674 3272 omnia
690 3204 795 3272 facis:
822 3203 1003 3271 manducas
1026 3205 1115 3270 enim
1130 3223 1249 3270 carnes
1268 3203 1378 3268 homi-

345 3345 423 3390 num
440 3329 474 3392 et
493 3323 578 3389 bibis
602 3323 799 3411 sangninem
822 3341 948 3388 eorum.
965 3319 1046 3386 Cum
1071 3319 1301 3386 audissetrex
1316 3317 1378 3384 hec

345 3442 469 3520 omnia,
494 3441 604 3508 iratus
623 3443 675 3506 est
690 3442 724 3507 et
736 3439 786 3505 ait
801 3437 986 3504 ministris:
1011 3434 1175 3502 Adducite
1195 3435 1277 3499 mihi
1298 3433 1379 3500 dra-

344 3577 472 3637 conem,
491 3559 547 3643 qui
561 3557 661 3624 estin
677 3555 806 3641 palacio
822 3553 984 3620 reclusus.
1003 3552 1096 3617 Tunc
1112 3555 1230 3618 sancta
1245 3550 1379 3617 Venena

344 3674 451 3741 dixit:
473 3674 541 3739 Deo
557 3691 630 3738 meo
654 3670 794 3757 subjecti
810 3673 888 3736 sunt
905 3667 1066 3734 dracones
1090 3671 1124 3734 et
1151 3670 1324 3752 serpentes
1346 3670 1381 3733 et

344 3791 456 3858 omnia
483 3788 657 3878 pestifera,
678 3787 756 3873 quia
783 3786 854 3872 ipse
875 3783 967 3850 solus
990 3782 1171 3870 plasmavit
1194 3782 1318 3858 omnia,
1346 3785 1380 3848 et

344 3909 441 3977 modo
472 3929 532 3996 per
554 3907 715 3974 virtutem
743 3903 803 3970 Dei
833 3899 961 3969 videbis
993 3899 1171 3967 draconem
1196 3901 1320 3966 victum
1347 3901 1381 3966 et

297 4024 532 4095 3Doonsusum.

389 4139 713 4233 Q.Augensdivina.
786 4134 994 4220 triamque.
1085 4233 1087 4238 Ι
