3180 5012
760 550 938 616 ..52-

439 831 442 836 >
511 823 670 882 ouomono
706 823 832 872 cossus
859 818 980 873 sonori
1008 825 1182 874 suvminru

380 941 609 990 uannsucrun
638 943 719 990 uuir
743 943 779 990 nv
803 941 1050 991 uonnsumuun
1072 943 1191 992 sonori
1215 942 1318 991 esrai
1355 939 1358 946 ⁴

618 1057 661 1105 ur
686 1032 730 1104 oe
752 1057 880 1106 sonoro
900 1057 1084 1107 v1croa1no

302 1345 303 1350 ἵ
367 1266 512 1334 Sanctus
545 1266 765 1345 Savinianus,
787 1267 915 1353 primus
940 1268 1143 1336 Senonensis
1173 1272 1363 1358 archiepis·

323 1401 436 1468 copus,
454 1380 607 1447 Hehreus
623 1400 747 1467 genero
761 1380 826 1448 fuit
811 1386 872 1448 tet
883 1402 926 1448 ex
938 1381 1053 1451 Christ
1038 1383 1263 1472 tidiscipulis.
1279 1387 1364 1456 Post

323 1497 554 1562 ascensionem
585 1496 730 1611 Domini,
762 1517 783 1562 a
814 1495 912 1564 heato
953 1504 1051 1584 apost
1036 1500 1182 1567 tolonum
1212 1503 1361 1602 principe

322 1613 426 1680 Petro
448 1609 490 1678 ad
506 1573 743 1697 predicandum
764 1611 893 1681 Gallias
912 1615 1036 1708 missus
1055 1619 1108 1683 est
1133 1637 1208 1683 cum
1236 1620 1363 1686 sanctis

322 1728 579 1796 Potsncianoet
598 1728 666 1795 Alt
642 1732 726 1795 t.1uo
756 1728 812 1794 Hii
836 1732 907 1796 tres
923 1731 1024 1815 primi
1046 1736 1105 1817 pat
1107 1732 1181 1798 roni
1201 1732 1364 1800 Senonice

321 1842 483 1920 civitatis,
502 1841 687 1908 edificando
703 1843 861 1909 ecclesias
885 1847 919 1910 et
934 1845 1080 1910 maxime
1095 1850 1247 1914 sanctam
1264 1848 1366 1914 eccle·

274 1955 405 2044 postam
422 1951 711 2045 prothomartyris
727 1959 837 2031 sancti
861 1942 1024 2045 Stephani
1047 1959 1138 2028 infra
1158 1935 1272 2028 muros
1291 1983 1364 2050 pre·
1416 1957 1417 1960 ’

316 2071 409 2141 dicte
429 2073 579 2140 civitatis
599 2073 866 2140 illustrissimam
890 2071 1130 2142 fundaverunt.
1155 2075 1302 2163 Cumque
1328 2080 1362 2145 in

320 2189 436 2254 eadem
456 2188 537 2255 urbe
554 2185 790 2256 multitudines
816 2188 1012 2274 populorum
1039 2189 1082 2255 ad
1112 2188 1210 2256 fidem
1235 2189 1363 2259 Christi

320 2303 492 2369 miraculis
529 2307 564 2370 et
599 2301 885 2388 predicationibus
912 2303 1160 2370 convertissent
1189 2302 1230 2369 ab
1248 2304 1363 2390 iniquo

319 2417 403 2484 duce
417 2417 540 2484 Severo
566 2416 686 2483 heatus
702 2416 905 2483 savinianus
928 2417 1066 2500 capitali
1090 2420 1260 2487 sententia
1280 2439 1363 2486 con-

320 2533 536 2620 dampnatur.
553 2531 606 2598 Ad
622 2531 776 2598 ultimum
793 2551 866 2597 cum
882 2530 924 2598 ad
938 2509 1169 2598 decollandum
1182 2533 1363 2603 duceretur

319 2647 440 2716 orandi
466 2649 616 2735 spacium
643 2647 850 2734 impetravit.
872 2647 934 2721 Qui
960 2648 995 2711 in
1021 2647 1085 2714 hac
1107 2648 1197 2732 hora
1208 2650 1359 2717 divinum

320 2770 568 2832 sacramentum
599 2761 811 2841 celebrando,
838 2767 991 2830 sanctum
1017 2763 1259 2832 Poteucianum
1288 2767 1360 2833 loco

319 2883 371 2946 sui
398 2879 514 2948 eadem
541 2880 654 2966 gratia
682 2877 844 2956 instituit,
862 2876 1003 2943 eundem
1020 2879 1222 2948 sacerdotali
1252 2880 1360 2948 infula

318 2995 504 3062 vestiendo.
529 2993 747 3062 Postmodum
774 2994 904 3079 ingenti
931 2994 1040 3060 securi
1064 2998 1098 3062 et
1121 3015 1201 3062 ensa
1226 3002 1360 3082 marty·

268 3127 308 3192 20
319 3113 405 3177 rium
425 3112 683 3194 consummavit,
701 3114 737 3177 et
759 3129 833 3176 cum
850 3127 889 3176 eo
912 3109 1109 3178 Victorinus
1134 3111 1256 3198 hospes
1277 3132 1358 3179 suus
1429 3197 1433 3202 Ι

318 3227 507 3313 etquidem
536 3227 626 3292 filius
649 3243 774 3312 parvus
796 3228 910 3292 tamen
936 3225 1156 3292 christianus.
1183 3226 1277 3301 Quod
1301 3245 1359 3292 ec·

318 3347 389 3410 tum
405 3341 470 3408 fuit
483 3340 591 3428 pridie
606 3340 769 3408 kalendas
784 3339 951 3417 Januarii,
967 3340 1003 3404 in
1021 3339 1096 3406 vico
1109 3339 1166 3424 qui
1184 3338 1290 3405 Vivus
1306 3337 1359 3404 di·
1428 3357 1433 3365 ·

319 3459 418 3540 citur,
436 3456 471 3521 in
488 3456 631 3524 ecclesia
645 3475 744 3542 quam
767 3455 803 3520 in
824 3454 952 3522 honore
964 3456 1224 3521 consecraverat
1238 3452 1359 3520 Salva-

318 3574 416 3651 toris,
438 3571 549 3659 ibique
566 3571 724 3638 decenter
746 3590 767 3636 a
790 3568 945 3635 fidelibus
970 3574 1050 3636 suut
1068 3567 1202 3653 sepulti.
1229 3568 1357 3636 Horum

319 3706 400 3756 vero
418 3687 647 3756 sacratissima
662 3703 804 3771 corpora
818 3704 878 3770 per
893 3681 1093 3769 prudentem
1109 3683 1221 3749 virum
1234 3683 1358 3748 Weni-

321 3802 444 3882 lonem,
466 3803 692 3870 senonensem
708 3800 1007 3887 archiepiscopum,
1021 3799 1359 3885 temporcAnastasii

322 3918 454 3986 abbatis
473 3919 643 3987 translata
659 3919 798 3984 luerunt
820 3917 856 3981 in
871 3915 1113 3982 monasterium
1135 3915 1249 3983 Sancti
1264 3917 1358 3984 Petri

323 4037 412 4114 vivi,
429 4055 517 4102 anno
527 4040 624 4102 sexto
634 4035 732 4121 regni
745 4031 905 4109 Lottarii,
917 4029 1078 4098 Ludovioi
1088 4035 1122 4099 et
1135 4032 1266 4111 Karoli,
1278 4031 1361 4098 filio·

322 4173 396 4224 rum
417 4151 578 4220 Ludovioi
595 4155 739 4239 auguste
757 4145 1014 4224 recordationis.
1031 4147 1156 4215 Postea
1170 4168 1250 4228 vero
1270 4166 1358 4216 auno
