3164 5016
654 509 834 576 ..61-

477 805 652 856 unanimo
675 805 719 854 na
743 793 1011 854 compescemus

269 1025 315 1090 De
344 1020 472 1088 Christi
505 1019 748 1098 sacerdotibus,
782 1018 987 1098 doctoribus,
1016 1014 1265 1097 confessoribus

223 1143 301 1226 post
318 1141 489 1223 martyres
505 1138 674 1203 tractetur
689 1137 746 1221 qui
765 1135 868 1202 corda
894 1133 1043 1200 fidelium
1063 1131 1266 1219 spiritaliter

147 1265 148 1268 ’
225 1253 321 1340 quasi
344 1250 518 1338 ymbribus
546 1251 693 1335 irrigant
724 1250 923 1330 celestibus3
957 1249 1012 1335 qui
1040 1248 1172 1317 talenta
1201 1247 1265 1312 sibi

225 1367 354 1435 credita
369 1385 437 1433 non
458 1365 565 1432 solum
581 1363 722 1431 reddere
736 1384 853 1432 verum
868 1365 971 1432 etiam
987 1383 1060 1430 cum
1073 1382 1177 1430 usura
1192 1362 1266 1429 sine

112 1508 116 1514 ·
190 1534 195 1539 .
226 1479 345 1547 fraude
359 1479 564 1566 amplificare
581 1485 848 1572 procuraverunt
863 1502 870 1560 ;
894 1479 950 1565 qui
964 1477 1087 1546 bonum
1103 1477 1190 1564 quod
1207 1495 1267 1564 per

226 1598 371 1684 gratiam
387 1595 664 1682 SpiritueSancti
679 1593 900 1682 intelligendo
917 1593 1120 1672 didicerunt,
1136 1613 1204 1660 non
1219 1594 1268 1658 si·

224 1711 329 1779 bimet
345 1707 578 1778 tantummodo
604 1710 662 1776 sed
688 1714 724 1778 et
751 1711 828 1776 aliis
852 1709 1078 1798 subjectorum
1097 1707 1268 1776 mentibus
1369 1730 1373 1734 ¹

112 1901 117 1908 ,
224 1823 450 1909 profuturum,
476 1825 658 1891 secundum
679 1825 824 1911 apostoli
848 1829 1055 1911 preceptum,
1079 1822 1265 1914 arguenda

225 1939 443 2018 obsecranda
464 1939 667 2027 increpando
686 1960 867 2026 curamque
883 1938 1038 2007 faciendo
1054 1941 1205 2006 inserere
1219 1939 1269 2004 ni·
1281 1940 1317 2005 10
1346 2012 1350 2019 ‚

224 2052 395 2156 tabantur.
423 2054 564 2129 Quidam
584 2074 664 2120 vero
688 2075 731 2120 ex
753 2055 837 2141 ipsis
854 2056 1026 2142 pervarie
1043 2055 1171 2126 heremi
1194 2055 1269 2120 loca

227 2157 260 2224 in
271 2158 439 2245 speluncis
450 2163 485 2227 et
495 2158 589 2225 cellis
598 2159 729 2226 modico
741 2161 892 2227 contenti
905 2159 1026 2246 pabulo
1038 2159 1264 2239 demorantes,
1298 2253 1300 2258 Ι

227 2274 375 2340 ciborum
396 2278 595 2360 spernentes
611 2273 760 2358 delicias,
778 2274 896 2342 bestiis
916 2277 1088 2354 associati,
1104 2275 1204 2342 luxus
1219 2296 1268 2342 se·

225 2389 291 2454 culi
306 2390 488 2467 calcantes,
506 2375 639 2456 la'udem
655 2391 874 2477 temporalem
898 2410 965 2458 non
990 2395 1158 2471 amantes,
1174 2393 1268 2458 visus
1355 2449 1356 2452 ,

225 2505 397 2571 hominum
417 2504 599 2592 fugientes,
618 2507 815 2593 angelorum
832 2509 960 2576 assueti
982 2508 1134 2594 loquelis,
1162 2507 1269 2596 signis

226 2622 391 2690 virtutum
406 2620 663 2708 quamplurimis
678 2619 845 2689 effulsere.
865 2624 909 2692 Et
922 2624 1002 2692 licet
1015 2628 1268 2710 persecutorum

227 2755 294 2802 non
309 2736 499 2804 sensissent
519 2735 681 2823 gladium,
708 2741 823 2804 tamen
846 2759 907 2824 per
927 2740 997 2806 vite
1022 2739 1180 2805 meritum
1201 2738 1273 2807 Dec.

225 2848 329 2936 digni.
349 2851 516 2935 martyrio
543 2870 612 2917 non
640 2851 839 2936 privantur3
871 2852 950 2936 quia
975 2853 1177 2938 martyrium
1202 2870 1271 2918 non

229 2965 336 3030 solum
355 2965 531 3052 sanguinis
556 2963 719 3032 effusione
741 2965 799 3032 sed
819 2966 1029 3034 abstinencia
1055 2972 1270 3055 peccatorum

228 3083 263 3146 et
278 3079 521 3146 exercitatione
542 3081 603 3146 Dei
628 3079 801 3166 perficitur
822 3087 1068 3169 preceptorum.
1085 3083 1270 3149 Multorum
1281 3083 1319 3146 20

228 3194 471 3276 confessorum,
485 3199 711 3278 sacerdotum,
725 3199 899 3268 doctorum
912 3205 946 3268 et
958 3200 1118 3269 abbatum
1132 3219 1271 3287 corpora

230 3334 289 3380 seu
312 3313 473 3399 reliquias
490 3313 652 3382 habemus
667 3315 741 3382 loco
760 3335 819 3382 suo
836 3316 1018 3382 secundum
1034 3317 1196 3384 letaniam
1211 3315 1272 3382 de-

230 3429 423 3496 clarandas.

407 3703 408 3708 =
494 3681 537 3729 DE
558 3680 680 3730 cerirn
704 3681 825 3733 sartori
848 3683 1009 3733 GREGORII

276 3890 401 3957 Beatus
416 3888 612 3976 Gregorius,
630 3890 720 3957 filius
739 3891 902 3959 Gordiani
920 3913 938 3958 e
958 3913 1020 3960 sua
1035 3911 1139 3960 uxore
1154 3892 1270 3972 Silvia,

233 4023 276 4071 ex
290 4009 483 4072 senatorum
494 4007 652 4093 prosapia
668 4007 719 4094 cuj
724 4027 775 4086 us,
788 4011 926 4076 attavus
935 4007 1001 4077 fuit
1014 4012 1152 4077 sanctus
1162 4009 1270 4087 Felix,

233 4138 319 4207 papa
360 4120 545 4201 Romanus,
572 4121 740 4197 defunctis
777 4123 994 4210 parentibus,
1030 4123 1171 4194 liberam
1202 4125 1275 4196 dis·
